3052 5028
727 293 988 399 ‘co·

324 527 395 611 Quo
414 541 490 590 varo
509 521 692 596 mussans,
714 517 914 586 vehementis
935 519 1057 605 ingenii
1082 523 1207 602 virum,
1231 524 1331 594 fuisse
1345 531 1464 598 aniano

276 646 491 722 existimatis,
515 659 591 708 cum
619 644 691 726 post
713 637 833 705 multas
857 638 988 706 demum
1012 639 1183 712 intestinas
1206 663 1354 732 pugnas,
1384 649 1463 715 nul·

275 770 318 837 lis
346 787 411 835 non
433 760 573 853 pectoris
594 759 646 826 sui
665 757 807 844 agitatus
832 753 998 846 procellis,
1021 758 1063 825 ad
1084 759 1239 829 Godiccm'
1265 763 1298 830 S.
1320 755 1460 836 tandem

275 886 459 972 Christique
478 877 712 966 Euangelium‚
736 869 903 964 tamquam
920 877 962 944 ad
984 877 1100 948 salutis
1115 880 1289 968 quemdam
1302 893 1459 972 portum,

275 1001 470 1094 appelleret?
519 995 722 1067 Scilicetvel
744 1013 810 1062 una
832 995 915 1063 lecta
942 995 1018 1075 illa,
1042 998 1232 1088 intimisque
1255 1003 1358 1070 animi
1383 1027 1457 1074 sen·

274 1109 365 1194 sibus
387 1125 560 1210 percepta,
591 1115 761 1202 Euangelii
784 1135 861 1184 vox:
898 1117 1008 1184 Grctis
1034 1117 1274 1206 laetificamur!
1304 1123 1355 1190 sic
1377 1143 1456 1194 eum

274 1241 490 1312 inflammarit
518 1245 645 1314 totum,
676 1241 797 1302 utnon
828 1235 890 1323 ipsi
912 1237 1137 1324 magisquam
1160 1238 1326 1310 Ecclesiae
1350 1245 1454 1312 vitam

271 1362 479 1434 reddiderit·
508 1345 626 1424 Sancto
648 1353 742 1444 plane
765 1355 917 1421 incensus
940 1354 1055 1422 ardore
1074 1357 1182 1442 surgit
1201 1357 1270 1444 jam
1293 1360 1354 1428 Ilei
1375 1363 1451 1430 Ath-

271 1485 358 1564 leta,
381 1478 490 1550 llirini
503 1465 605 1543 -verbl
634 1463 818 1560 Christique
847 1469 1018 1561 ll'uangelii
1040 1491 1189 1542 caussam
1213 1471 1449 1548 vindicaturus.

271 1605 379 1694 Ipsius
406 1597 539 1668 excitati
561 1615 639 1662 voce
666 1599 807 1680 surgunt
831 1591 1007 1660 identidem
1029 1587 1082 1660 bic
1107 1594 1173 1661 illic
1192 1594 1248 1661 alii
1272 1596 1393 1677 multi,
1416 1600 1448 1664 in

271 1707 399 1792 diversa
421 1715 576 1784 abeuntes
598 1706 750 1799 quidem,
774 1711 830 1778 sed
850 1707 883 1778 Sss
901 1711 1046 1791 chmis,
1071 1712 1127 1781 sed
1150 1710 1443 1801 Euangelii'studio

269 1851 303 1914 et
322 1857 432 1910 amore
450 1821 626 1921 conjuncti.
649 1830 743 1896 ··bux
762 1824 954 1898 intenebris
973 1833 1088 1899 oritur.
1136 1825 1283 1900 Rediisse
1297 1829 1446 1922 'tempora

270 1945 732 2044 diuisseS‚quibusp1·imum
756 1944 942 2018 hominibus
966 1943 1346 2020 innotesccrct'coclestis
1370 1955 1441 2022 Doc-

268 2081 366 2149 trina.
399 2073 558 2160 Fatigatis
576 2063 726 2158 requies,·
743 2071 861 2138 misere
887 2071 1129 2158 aegrotantibus
1145 2071 1268 2158 optima
1284 2072 1443 2140 medicina

267 2206 412 2290 paratur.
459 2193 542 2260 Nam
565 2189 685 2278 publici
703 2188 785 2256 liunt
798 2190 884 2278 iuris
902 2188 1074 2256 Volumina
1094 2188 1203 2256 Sacra.
1250 2190 1355 2285 Unica
1371 2200 1444 2260 sunt

266 2319 353 2386 vitae
383 2311 645 2384 Christianorum
670 2315 767 2395 atque
798 2307 872 2374 fidei
905 2325 1028 2375 norma.
1076 2307 1227 2394 Quaeque
1261 2329 1346 2378 nova
1377 2313 1442 2400 jam

237 2435 373 2504 'oritur
403 2429 523 2498 Gbristi
546 2429 580 2494 in
611 2428 709 2493 terris
731 2427 894 2496 Ecclesiae
916 2427 1015 2506 ratio,
1047 2425 1149 2506 haec,
1181 2446 1245 2493 non
1277 2446 1358 2497 saue
1381 2451 1443 2498 una

266 2554 308 2622 dc
329 2539 449 2629 caum,
483 2554 518 2614 at
539 2565 598 2614 suo
625 2547 717 2633 jure,
751 2565 786 2613 se
795 2545 1037 2634 metoparum
1067 2545 1169 2624 dixit,
1199 2553 1313 2634 utpote
1341 2569 1442 2638 quae,

266 2673 383 2763 spretis
403 2665 572 2756 quibusvis
588 2663 728 2732 turbidis
745 2665 880 2745 rivulis,
891 2666 998 2733 ‘unius
1018 2664 1109 2732 Sacri
1128 2663 1254 2732 Codicis
1276 2666 1366 2736 [onte
1383 2690 1439 2736 nu·

264 2793 387 2868 oritur,
410 2787 509 2854 unius
529 2783 700 2871 Euangelii
720 2787 891 2872 praecepta
913 2791 947 2851 et
968 2779 1382 2874 auctoritatem'sequitur,
1405 2795 1436 2854 et

264 2931 340 2979 vero
351 2908 440 2976 illam
453 2905 595 2975 maxime
613 2902 794 2971 doctrinam
812 2905 900 2971 omni
913 2902 1020 2970 studio
1033 2909 1145 2969 tuetur
1164 2901 1324 2993 levetque,
1343 2925 1437 2993 quam

262 3031 365 3098 totius
398 3023 569 3112 Euangelii
602 3023 720 3090 merito
753 3022 854 3090 veluti
887 3019 1062 3089 medullam
1090 3028 1122 3088 et
1152 3024 1296 3090 animam
1327 3024 1439 3092 babet:

260 3155 422 3239 peccantes
437 3165 493 3212 cos
516 3143 670 3222 domines,
693 3163 755 3208 coa
773 3142 887 3208 nostris
901 3141 1044 3218 meritis,
1066 3141 1121 3206 scd
1140 3163 1199 3227 per
1214 3142 1275 3210 Dei
1287 3145 1440 3231 qratiam,

256 3267 360 3358 positu
381 3265 417 3330 in
442 3259 564 3328 Christo
584 3261 664 3348 (ide,
688 3263 826 3328 seruati!

261 3527 268 3536 ·
307 3503 393 3572 llaec
417 3501 540 3588 igitur,
563 3499 663 3579 baec,
687 3501 839 3587 inquam,
869 3498 1035 3587 praeclara
1060 3497 1114 3566 illa
1138 3506 1216 3566 sunt
1239 3499 1342 3580 bona,
1368 3522 1435 3590 quc

258 3643 334 3692 rum
365 3619 563 3688 deformatio
594 3617 720 3684 volebat
748 3638 824 3686 suos
854 3617 1028 3706 participes
1055 3637 1151 3697 esse,
1183 3637 1352 3706 quaeque,
1387 3620 1437 3688 ad·

258 3729 367 3808 sumto
390 3739 452 3805 sibi
475 3737 689 3826 Eaccqetc'ccc
709 3739 860 3817 nomine,
884 3757 919 3804 se
941 3753 1168 3804 concessuram
1187 3737 1228 3805 iis
1249 3758 1345 3825 spem
1364 3739 1439 3823 [ecit

257 3866 291 3928 et
306 3857 591 3946 exspectationem.

261 4004 263 4012 ’
303 3979 420 4047 Suisne
438 3983 547 4044 autem
567 3977 658 4043 stetit
676 3979 880 4065 promissis?
913 3979 962 4044 Au
981 3995 1057 4042 vero
1078 3995 1134 4062 spe
1149 3981 1247 4062 atque
1268 3979 1355 4045 votis
1368 3997 1441 4046 eam
1501 3961 1502 3968 ἵ

256 4097 414 4168 excidisse
425 4095 632 4183 putabimus?
646 4137 691 4153 --
702 4095 849 4164 Profecto
860 4095 964 4161 durus
975 4101 1009 4161 et
1019 4113 1136 4161 caecus
1147 4094 1228 4162 adeo
1240 4097 1285 4162 sit
1300 4105 1440 4185 oportet,

256 4217 366 4304 quiin
390 4215 518 4301 magnis
537 4213 626 4282 illam
649 4233 714 4282 non
733 4213 873 4281 voluisse
893 4211 1006 4291 modo,
1030 4228 1144 4280 verum
1172 4214 1273 4281 etiam
1293 4214 1443 4284 effecisse
1500 4201 1501 4265 l

255 4355 319 4408 non
343 4341 435 4424 grata
462 4341 570 4402 mente
595 4341 627 4400 et
653 4330 866 4400 mirabundus
895 4330 1044 4400 fateatur.
1093 4331 1271 4420 Stupemus
1294 4333 1376 4402 adeo
1403 4334 1441 4403 ad
1499 4341 1500 4362 ¹
