3046 5036
697 381 745 454 lb

123 582 311 671 zwinglius,
334 575 546 654 llelancbton,
570 574 731 652 Calvinus,
754 571 917 649 veritatis,
938 569 1096 656 justitiae,
1120 569 1295 652 libertatis,

122 703 357 779 doctrinarum,
368 695 533 784 religionis
545 693 772 784 prudentiores
782 691 881 757 etiam
899 688 1112 778 simulatque
1129 689 1296 762 fortissimi

120 821 278 890 vindices.
307 817 393 900 Quos
407 824 446 884 ut
459 814 558 886 duces
570 820 647 888 sunt
658 813 747 881 nacti
759 809 1026 898 generosissimae
1041 809 1163 896 quique
1181 809 1298 880 indolis

121 939 280 1018 homines,
290 935 437 1005 inaudita
448 933 504 1004 illa
515 933 640 1002 exstitit
651 939 685 1000 et
695 925 856 1019 stupenda
866 945 978 996 rerum
988 927 1209 1010 commutatio,
1222 949 1297 1017 qua,

121 1057 260 1128 sublatis
268 1054 438 1144 quibusvis
448 1050 619 1136 barbariei,
636 1047 854 1137 ignorantiae,
866 1044 1108 1132 superstitionis
1120 1049 1298 1118 teterrimis

122 1176 248 1255 naevis,
265 1173 404 1262 pristina
419 1169 596 1237 instaurari
615 1169 719 1257 coepit
733 1166 937 1236 Christianae
955 1163 1121 1252 religionis
1146 1167 1298 1236 conditio.

120 1333 167 1347 -
187 1293 214 1364 0
229 1291 431 1381 praeclaram
449 1285 865 1372 praeclarissimaecaussae
884 1285 1074 1364 vintoniam,
1088 1287 1142 1352 cui
1160 1288 1218 1354 uni
1241 1307 1300 1356 nos

122 1413 267 1481 maxime
282 1409 439 1478 debemus
448 1412 482 1473 et
493 1402 657 1491 cogitandi
672 1403 853 1492 agendique
868 1401 1072 1484 libertatem,
1088 1412 1122 1472 et
1146 1406 1300 1494 quicquid

125 1527 288 1616 praesidii,
310 1525 466 1614 quicquid
482 1523 589 1592 solatii
611 1522 736 1610 Religio
759 1521 852 1590 nobis
874 1520 1006 1610 praebet
1026 1521 1230 1591 Christiana!

50 1773 52 1776 ’
165 1765 209 1834 Et
228 1760 452 1851 baecquidem
469 1758 562 1830 nobis
578 1759 806 1849 reputantibus
824 1759 861 1826 Α.
879 1760 936 1839 Α.,
959 1757 1095 1828 dubium
1115 1760 1218 1829 videri
1236 1781 1299 1830 non

122 1889 251 1972 potest,
283 1881 364 1969 quin
387 1880 648 1969 deprehendatur
677 1880 712 1946 in
743 1878 907 1946 societatis
935 1877 1138 1948 Christianae
1166 1880 1301 1950 historia

123 2001 248 2088 ingenii
267 1999 402 2068 humani
419 1999 461 2068 ad
484 1999 651 2067 meliorem
673 1997 891 2064 conditionem
911 1998 1103 2084 progressio.
1136 1998 1198 2066 Sed
1215 2000 1301 2068 baud

123 2117 244 2186 suffieit
272 2117 385 2197 nobis,
413 2117 493 2186 baec
518 2119 565 2184 ita
594 2117 748 2184 universe
778 2113 984 2182 observasse:
1016 2115 1301 2186 animadvertenda

121 2244 200 2306 sunt
230 2238 365 2324 insuper
393 2235 573 2324 peculiaria
603 2233 762 2323 quaedam
793 2240 827 2301 et
859 2232 954 2322 plane
978 2232 1179 2322 singularia,
1216 2255 1300 2324 quac

73 2440 74 2445 Ἰ
123 2363 292 2425 sacrorum
315 2353 547 2423 restaurationi
570 2351 703 2422 lucrum
724 2353 866 2442 propria.

129 2541 132 2544 .
166 2475 238 2558 Quo
256 2473 446 2560 diligentius
465 2471 666 2564 attendimus
683 2471 941 2540 Gbristianorum
965 2469 1084 2559 placita
1102 2471 1170 2542 sire
1190 2471 1300 2544 Orien·

120 2593 260 2673 talium,
282 2593 350 2660 sive
372 2591 592 2671 Graecorum,
613 2592 684 2659 sive
707 2591 805 2658 etiam
827 2590 1039 2669 batincrmn,
1060 2609 1099 2658 eo
1118 2593 1223 2678 magis
1242 2595 1301 2662 mi·

93 2707 95 2712 ’
121 2713 191 2780 rari
214 2710 324 2788 subit,
346 2715 384 2776 ut
401 2707 609 2778 discesserint
631 2709 763 2798 planca
784 2707 951 2796 religionis
973 2706 1175 2778 Christianae
1195 2711 1301 2782 indole

123 2837 158 2898 et
176 2827 349 2918 proposito.
395 2827 506 2896 Ninus
528 2827 658 2915 quidem
676 2835 835 2900 curarunt
854 2826 968 2896 Graeci
989 2827 1126 2915 spiritus
1145 2826 1216 2895 illos
1230 2849 1300 2898 ene·

125 2938 244 3026 lestes,
265 2945 384 3034 quibus
405 2945 650 3016 delectabantur
667 2946 867 3025 Orientalese
890 2947 1001 3016 minus
1021 2944 1228 3015 indulserunt
1243 2948 1300 3018 La·

125 3065 188 3134 tini
212 3065 351 3152 argutiis
371 3073 407 3134 ct
433 3065 691 3148 subtilitatibus,
713 3068 833 3156 quibus
859 3068 921 3135 toti
943 3063 1139 3134 tenebantur
1166 3066 1301 3148 Graeci;

72 3185 73 3188 ’
121 3189 346 3263 rmnmtame'n
369 3186 616 3273 propugnabant
631 3205 743 3256 omnes
765 3186 870 3274 magis
891 3184 1043 3274 dogmata
1064 3205 1149 3274 quae
1169 3187 1299 3256 invene-

124 3308 217 3380 rant,
238 3321 339 3389 quam
361 3300 552 3390 religionem
567 3305 702 3392 ipsam,
725 3313 759 3372 et
781 3303 900 3372 nubem
924 3303 1041 3393 plane,
1062 3304 1148 3392 quod
1169 3325 1299 3394 proven

122 3418 177 3490 bio
193 3418 334 3509 dicitur,
356 3436 416 3510 pm
430 3421 558 3492 lunone
575 3421 864 3512 amplectebantur.
911 3423 949 3492 In
972 3423 1115 3492 Platonis
1136 3423 1176 3492 de
1196 3425 1301 3514 ltepu-

124 3537 209 3606 blica
226 3537 319 3608 libris
336 3532 495 3630 spelunca
515 3545 679 3626 occurrit,
703 3545 738 3611 in
754 3563 818 3632 qua
836 3543 983 3612 homines
1006 3542 1153 3612 babitare
1165 3543 1299 3630 tingue·

125 3663 202 3738 tur,
224 3677 337 3726 rerum
359 3661 506 3728 omnium
535 3662 570 3730 in
594 3663 815 3752 superioribus
842 3661 1028 3750 regionibus
1048 3659 1098 3728 'nil
1124 3661 1301 3750 adspicies«

124 3782 195 3856 tes,
218 3776 282 3842 nisi
305 3774 458 3857 umbras,
482 3799 565 3866 quae
597 3781 632 3848 in
655 3782 789 3853 adversa
812 3781 985 3872 speluncae
1007 3786 1100 3871 parte
1123 3790 1303 3852 cernuntur

124 3903 159 3964 et
183 3915 219 3964 ω
240 3915 370 3966 movere
396 3895 561 3965 ridemur.
608 3897 746 3968 Umbras
774 3901 870 3968 besee
907 3899 993 3986 ipsas
1022 3917 1093 3971 esse
1111 3919 1164 3968 res
1191 3902 1301 3968 existi·

124 4021 238 4093 mant,
270 4033 448 4104 earrrmque
483 4011 644 4098 termam,
676 4024 824 4098 motum,
853 4016 1095 4088 vicissitudines
1128 4019 1301 4106 diligenter

125 4132 319 4220 mtendrmt:
343 4135 410 4204 imo
431 4155 507 4207 vero
527 4135 698 4227 disputant
715 4136 757 4205 de
779 4138 821 4218 iis
840 4137 1032 4227 gravitaret
1054 4139 1143 4206 naas
1162 4137 1302 4222 subinde
1406 4197 1408 4202 .

127 4253 347 4322 ammissimas
371 4256 566 4337 instituunt,
594 4259 696 4329 ceseii
721 4257 893 4340 videlicet,
916 4259 956 4327 de
979 4255 1104 4328 umbris
1127 4255 1301 4346 ntdspn.

124 4379 291 4456 tare‚·res
313 4375 399 4462 ipsas
418 4376 569 4464 ignorare
591 4397 733 4466 pareus.
779 4379 895 4462 Simile
917 4377 981 4446 luit
1002 4375 1170 4464 negotium
1189 4376 1301 4460 Eccle-
