3052 5028
766 365 838 440 110

223 569 320 647 tium,
330 581 527 653 quamquam
539 579 605 627 ιιοιι
615 579 680 627 una
692 579 784 629 mens
795 567 894 649 atque
911 547 1085 642 sententia,
1095 568 1203 630 ιιιιιιιι
1219 581 1322 632 unum
1335 565 1398 633 erit

223 707 279 759 eor
307 693 340 754 et
366 684 479 752 anima
501 701 583 758 una;
607 679 684 762 ubi,
707 681 843 748 Divinae
863 681 1011 748 veritatis
1034 679 1143 748 studio
1165 689 1198 752 et
1215 682 1399 769 cognitione

223 801 462 882 crescentibus,
480 777 686 868 'incrementa
706 801 847 868 maxime
862 801 967 888 capiet
985 801 1058 880 liei,
1082 798 1206 868 Christi
1226 808 1324 888 atque
1344 801 1399 869 ho

222 919 349 1024 rdinum
368 941 474 998 amor:
490 920 625 1008 eamque
642 939 704 987 sur
684 919 840 986 tandem
854 919 975 987 videbit
991 919 1138 988 christi
1128 938 1162 986 m
1179 921 1277 988 torris
1288 921 1400 990 ficole-

223 1049 272 1114 sia
292 1043 567 1122 reformationem,
587 1061 652 1130 quta
670 1040 737 1120 liat,
756 1045 794 1107 ut
811 1039 1070 1108 Christianorum
1089 1042 1156 1108 dita
1180 1046 1293 1108 saneta
1313 1040 1401 1128 apud

222 1139 334 1236 omnes
350 1157 485 1235 Divinae
501 1157 679 1262 Religionis
702 1161 756 1228 alt
769 1159 927 1248 probatio
934 1167 1031 1248 atque
1054 1159 1197 1228 defensio
1213 1159 1354 1249 optima!

239 1887 249 1898 ·
270 1867 437 1955 Superest,
461 1851 695 1932 Humanissimi
714 1853 899 1933 Auditorest
923 1875 961 1931 ut
982 1870 1146 1952 postrema
1167 1860 1313 1929 muneris
1330 1859 1399 1927 mei

193 1991 317 2076 'p'urte
337 2045 340 2051 ,
362 1971 542 2070 defungar,
585 2003 659 2050 eum
700 1983 960 2052 vicissitudines
977 1974 1276 2060 commemorando,
1319 1999 1406 2068 quas

224 2105 303 2186 hoc,
327 2081 379 2171 me
406 2103 559 2181 Rectore,
582 2121 667 2170 anno
692 2091 989 2181 Academia'vidit,
1012 2093 1085 2170 tum
1110 2093 1293 2190 peragendo
1319 2118 1404 2186 quae
1508 2083 1509 2088 ¹

134 2303 140 2314 ,
225 2221 328 2290 festus
355 2205 552 2294 hicce-dies,
575 2210 741 2289 solemnia
757 2220 908 2309 postulat.
956 2211 1143 2309 Utrumque
1161 2227 1275 2286 autom
1309 2237 1404 2286 ame

225 2325 353 2408 dicente
390 2338 543 2426 vobisque
577 2339 784 2408 audientibus
826 2339 936 2406 vultus
973 2337 1093 2408 hilares
1133 2345 1308 2426 gratosque
1338 2337 1405 2404 Ileo
1508 2385 1509 2442 l

227 2461 352 2528 animos
379 2477 529 2546 poscere,
552 2455 586 2524 id
610 2448 767 2546 quidcm'
756 2479 792 2524 ιιι
816 2458 885 2544 ipso
903 2456 971 2544 jam
995 2459 1149 2574 orationis
1171 2453 1285 2525 limine
1310 2456 1403 2580 dixi,
1508 2471 1509 2476 ’

226 2597 334 2648 meam
354 2563 415 2644 hoc
431 2561 489 2644 die
503 2572 704 2644 felicitatem
701 2594 841 2663 augere
942 2617 945 2626 ι

242 2697 451 2772 litstatim
462 2693 647 2763 lllustrium
657 2695 757 2784 hujus
776 2693 970 2763 Academiae
993 2689 1190 2763 curatorum
1211 2703 1320 2783 grata
1326 2695 1406 2764 sult-
1443 2724 1449 2732 ·

191 2787 197 2798 ¹
228 2816 255 2883 it
273 2813 447 2904 gaudiique
470 2815 563 2926 plena
596 2815 748 2902 cogitatio
772 2815 938 2882 animum:
972 2835 1057 2902 quos
1076 2815 1233 2882 nimirum
1259 2822 1295 2882 et
1318 2815 1407 2882 vitae

229 2952 341 3002 omnes
359 2941 393 3000 et
415 2953 491 2999 uero
521 2933 619 3000 rebus
642 2933 791 3013 nostris,-
808 2933 856 3000 uti
883 2932 1004 3013 solent,
1027 2939 1158 3000 strenue
1178 2927 1406 3020 invigilandis,

230 3054 338 3122 alieo
361 3059 504 3120 servatos
528 3052 674 3140 impense
702 3051 871 3120 laetamur.
895 3091 942 3102 -
964 3052 1008 3119 'l'e
1036 3060 1167 3130 autem,
1190 3049 1408 3118 debilissimo

228 3158 289 3238 ιἰιι
309 3171 446 3238 Lrunoau
468 3169 596 3237 Semoni
622 3187 718 3256 quem
740 3159 860 3238 novum
882 3162 1030 3238 divitatis
1050 3167 1409 3244 weousurlemulcademiu

230 3279 319 3356 nnuc
349 3287 468 3356 salutat
488 3288 637 3377 publice,
669 3290 820 3358 eumdem
846 3287 923 3357 huic
946 3291 1139 3357 Gumtorem-
1166 3285 1406 3375 congratulari,
1508 3315 1509 3376 3

230 3407 285 3474 uti
301 3425 401 3474 meus·
412 3427 482 3487 me,
500 3408 546 3474 sio
564 3397 720 3476 omnium
732 3396 959 3477 Professorum'
970 3415 1070 3497 atque
1092 3401 1219 3484 (litium
1236 3407 1404 3476 Academi·
1508 3391 1509 3400 ἵ

231 3545 361 3605 ιιιιιιιιι,
379 3524 413 3592 in
435 3532 468 3594 te
490 3527 620 3594 animus
637 3517 741 3618 jubet.
787 3528 888 3615 Gujus
915 3529 1003 3596 enim
1022 3537 1060 3595 tu
1087 3529 1158 3615 ipso
1176 3525 1348 3612 aliquando
1366 3541 1400 3590 es

231 3637 339 3712 veluti
353 3645 442 3713 laete
454 3633 633 3728 nutritus,
659 3645 743 3714 hano
766 3653 800 3714 to
818 3639 956 3734 diligero
977 3637 1156 3742 matrisque
1180 3643 1286 3711 instar
1302 3639 1407 3723 colere

233 3763 375 3852 sempor,
398 3764 563 3832 animi'tui
583 3766 686 3852 pietas
702 3742 1278 3854 et‘integritasnesotie'noeumane
1304 3760 1416 3848 Quare

233 3901 272 3952 ex
294 3890 351 3954 ido
372 3891 500 3970 quoque
526 3883 729 3972 patrocinio,
746 3885 798 3951 'vir
819 3884 1037 3952 Nobilissimel
1062 3883 1150 3950 oolla
1177 3903 1241 3952 non
1265 3883 1349 3950 oona
1374 3899 1418 3948 ao

233 4002 340 4071 fausta
363 3991 554 4071 Academiae
575 4002 680 4071 laetus
697 4011 848 4090 auguror.
867 4013 870 4022 ¹
896 3995 991 4078 Faxit
1013 4015 1090 4070 uero
1110 4003 1198 4076 fleus
1220 4001 1262 4069 iis
1285 4009 1320 4082 te
1344 4019 1414 4067 om·

234 4121 331 4189 ullius
358 4121 444 4201 frui,
467 4121 584 4211 quibus
612 4121 751 4192 feliciter
772 4124 875 4211 possis
902 4110 1069 4210 splendido
1090 4123 1124 4188 in
1148 4129 1182 4190 te
1211 4117 1321 4190 delato
1340 4138 1419 4185 mue
1508 4139 1509 4184 ι

234 4258 312 4310 nore
347 4241 453 4330 fungif
489 4239 616 4330 Diuque
649 4241 760 4323 vivas,
795 4245 830 4310 iu
862 4231 1009 4312 Ciuitatis
1041 4243 1185 4322 bouum,
1218 4238 1413 4310 Academiae

234 4360 542 4450 lugduno-Remum
561 4361 795 4430 emolumentol
973 4371 976 4376 '
1508 4349 1509 4364 ¹
