3046 5036
669 381 719 456 35

149 575 258 670 Neque
278 579 331 648 hie
355 586 405 647 est
427 577 543 648 unicus
567 574 716 654 fructus,
740 593 837 664 mem
855 571 1202 645 Christianis'tlraecir
1221 573 1280 646 ue

102 701 220 769 olesiae
242 697 414 768 dissidium
440 696 527 764 tulit.
576 695 648 765 Alia
678 693 782 766 multa
803 703 836 763 et
857 696 989 784 egregia
1012 695 1060 763 sio
1080 693 1214 780 mmum
1239 691 1287 804 iis

103 825 232 888 serrata
250 823 349 898 sunt,
371 816 506 906 quibus,
531 816 566 883 in
586 815 675 885 hunc
689 831 796 904 usquo
809 811 918 894 diem,
941 814 982 882 ab
999 814 1146 884 Ecclesia
1167 813 1287 884 Latina

105 957 178 1007 sese
199 939 321 1006 Graeca
337 935 563 1024 distingueret.
610 935 669 1004 llis
691 955 770 1004 sane
790 934 820 1002 si
845 930 1028 1002 uternam
1049 949 1229 1003 annumero
1250 941 1287 1003 at

103 1057 316 1128 humanitatis
337 1073 482 1123 amorem
506 1071 544 1122 ao
564 1054 689 1136 studia,
722 1073 801 1123 rem
823 1068 978 1141 magnam
1001 1053 1186 1143 summique
1215 1071 1285 1123 mo

101 1177 204 1246 menti
223 1167 474 1244 mihi'laudasse
491 1153 613 1242 videor.
660 1175 746 1243 liaeo
765 1173 855 1242 enim
869 1169 997 1251 studia,
1018 1189 1175 1259 quorum,
1195 1173 1284 1263 apud

101 1295 267 1365 llcclesiae
290 1293 454 1360 antistites
476 1289 636 1372 Graecae,
659 1293 917 1381 omnitempore
939 1287 1096 1378 reliquiae
1118 1289 1284 1380 superluc-

104 1419 203 1492 runt‚
227 1418 307 1480 tune
320 1409 463 1478 maxime
478 1409 565 1478 inter
581 1409 719 1479 Graecos
737 1411 907 1500 rigebant,
930 1427 1007 1478 oum
1026 1409 1062 1477 in
1078 1408 1287 1480 Occidentem

105 1549 235 1599 omnem
259 1534 331 1596 atra
353 1547 417 1594 nox
439 1527 601 1596 barbariei
623 1529 837 1598 incumberet.
884 1529 971 1596 llaec
993 1526 1035 1596 ad
1053 1529 1220 1618 puriorem
1239 1529 1287 1617 ip·

104 1651 151 1716 sis
184 1645 436 1716 conservandam
477 1643 660 1716 doctrinam
693 1648 852 1717 velebant.
906 1647 993 1715 llaec
1028 1645 1179 1736 inprimis
1204 1645 1287 1714 illud

103 1767 248 1837 effecisse
268 1766 412 1844 scimus,
436 1772 474 1834 ut
498 1765 533 1833 in
556 1765 646 1835 hisee
668 1769 789 1836 nostris
812 1751 960 1856 Europae
981 1763 1163 1846 tractibm,
1186 1764 1287 1834 (trao-

106 1905 220 1955 eorum
246 1881 459 1975 prolugorum
481 1884 624 1966 auxilio,
648 1885 907 1976 propellerentur
926 1883 1061 1955 tandem
1084 1881 1287 1973 ignorantiae

107 2004 260 2072 tenebrae
273 2011 370 2090 utque
381 2002 578 2070 immortalia
588 2022 921 2086 murmurmurmur
932 2051 942 2086 ,
964 2025 1088 2084 rursm,
1111 2020 1286 2082 sammon,

108 2132 253 2201 uramur,
282 2139 427 2188 nwruouu
450 2121 689 2190 suscitarentur
715 2123 868 2210 ingenia,
898 2143 982 2213 quaa
1004 2121 1171 2193 meliorem
1196 2119 1288 2190 Oecl-

106 2242 214 2309 dentis
232 2233 397 2308 Ecclesiae
413 2237 631 2308 conditionem
649 2249 812 2329 pararent.

151 2358 220 2428 Sed—
239 2360 274 2426 iu
294 2358 587 2428 commemorandis
609 2360 807 2442 virtutibus,
832 2377 923 2450 quas
935 2359 1046 2449 privas
1072 2357 1136 2430 sibi
1162 2362 1288 2451 propri·

106 2497 206 2570 usquo
227 2477 372 2548 lloclesia
398 2477 520 2546 Graeca
544 2479 705 2559 mavit,
728 2477 787 2569 qui
809 2479 1189 2570 modestiam-negligere
1214 2497 1286 2568 pos⁶

107 2619 177 2669 sem
195 2606 228 2667 ot
239 2595 493 2667 moderationem
505 2597 731 2688 sentiendique
743 2599 833 2668 illam
843 2599 1071 2668 liberalitatem
1090 2600 1285 2688 ingenuam,

108 2739 192 2808 quae
214 2737 291 2784 oum
314 2715 402 2784 illius
427 2713 533 2784 indole
554 2737 684 2807 semper
713 2719 999 2808 conjunctissimae
1025 2715 1168 2784 inerunt.
1216 2715 1287 2784 uon

109 2837 193 2904 haee
213 2848 369 2924 umquam
392 2812 427 2903 so
450 2835 550 2904 solem
568 2827 673 2918 dixit,
697 2835 821 2908 Christi
845 2853 957 2904 raram
979 2833 1169 2904 Ecclesiam.
1215 2831 1287 2902 Non

112 2955 246 3022 unicum
265 2973 334 3023 sese
352 2951 467 3022 habuit
485 2960 637 3028 aeternae
656 2956 772 3028 salutis
787 2955 910 3024 iontem
928 2961 987 3023 aut
1002 2954 1287 3023 consarvatrioem.

110 3073 201 3142 Itum
221 3093 296 3141 vero
315 3091 375 3141 sua
393 3073 505 3161 magui
524 3072 646 3142 iaceret
667 3076 777 3144 omnia
796 3082 831 3144 ct
847 3073 1029 3146 vindicaret
1051 3081 1199 3154 strenue,
1223 3091 1289 3140 non

109 3189 327 3262 dbristitnam
336 3199 445 3260 tamen
457 3193 748 3271 caritatom'exuitt
764 3181 829 3262 non
841 3194 875 3262 iu
889 3191 1031 3281 reliquos
1048 3212 1160 3262 omues
1178 3191 1288 3262 libris·

107 3308 381 3396 tienosdesperit
392 3316 452 3378 aut
462 3310 594 3387 saevite
613 3329 713 3380 secus
722 3324 799 3378 vero
815 3312 993 3380 sentientes
1009 3313 1056 3381 ita
1071 3309 1151 3380 tulit
1162 3329 1290 3402 semper
1332 3293 1335 3298 ¹

106 3423 192 3497 etin
209 3426 332 3495 honore
347 3426 476 3509 babuit,
500 3436 538 3497 ut
558 3427 748 3514 tolerantiae
762 3447 839 3498 vere
855 3429 1077 3511 Christianae,
1099 3431 1142 3497 iis
1160 3447 1290 3519 quoque

107 3545 309 3636 temporibus
328 3545 517 3636 exemplum
535 3547 707 3638 praeberet
725 3547 1044 3628 luculentissimum,
1068 3547 1188 3637 quibus
1198 3547 1291 3620 Glui·

107 3667 210 3735 stiani
236 3665 354 3754 reliqui
373 3683 507 3746 omnes,
529 3675 564 3735 ot
586 3669 806 3740 Protestantes
830 3669 910 3758 ipsi,
934 3667 1019 3736 banc
1045 3667 1291 3738 virtutemnon

107 3788 142 3854 in
168 3783 264 3853 laude
286 3779 343 3851 sed
366 3783 408 3852 in
420 3785 582 3874 vituperio
602 3787 773 3874 ponebant.
1260 3777 1263 3782 ’

121 3947 124 3953 -
156 3900 253 3985 Quod
269 3921 344 3971 vero
361 3905 508 3973 omnium
525 3903 669 3972 manime
685 3903 1004 3977 commemorandum
1023 3913 1119 3997 puto,
1142 3906 1293 3996 quodque

107 4023 161 4092 vel
184 4039 302 4090 unum*
318 4031 413 4110 cogat
437 4043 517 4105 nos,
545 4033 583 4092 ut
598 4023 759 4092 ¹Divinum
774 4026 883 4115 plana
911 4025 1098 4098 schismatis
1120 4023 1293 4094 consillum

109 4149 209 4230 atque
239 4141 380 4211 dracone
407 4141 570 4214 Ecclesiae
593 4129 783 4213 felicitatem
806 4141 996 4218 leudemusr
1020 4137 1187 4233 integrum
1212 4141 1293 4210 baec

110 4261 253 4328 servavit
282 4259 353 4328 sibi
370 4261 549 4333 Sacrorum·
576 4249 794 4334 Voluminum·
818 4285 924 4336 usum
970 4261 1216 4334 Praecluserint·
1238 4259 1294 4330 olii

109 4379 266 4449 Divinum
288 4380 376 4452 huuc
393 4382 561 4472 religionis
582 4385 822 4474 cognoscendae
846 4388 984 4464 iontemt
1006 4383 1076 4454 suis
1099 4379 1293 4453 abstulerint

1028 4500 1082 4570 ps
