<?xml version="1.0" encoding="UTF-8"?>
<!DOCTYPE html PUBLIC "-//W3C//DTD XHTML 1.0 Transitional//EN"
    "http://www.w3.org/TR/xhtml1/DTD/xhtml1-transitional.dtd">
<html xmlns="http://www.w3.org/1999/xhtml" xml:lang="en" lang="en">
 <head>
  <title>
</title>
<meta http-equiv="Content-Type" content="text/html;charset=utf-8" />
  <meta name='ocr-system' content='tesseract 3.04.00' />
  <meta name='ocr-capabilities' content='ocr_page ocr_carea ocr_par ocr_line ocrx_word'/>
</head>
<body>
  <div class='ocr_page' id='page_1' title='image "./nicolaichristia00kistgoog/nicolaichristia00kistgoog_0040.png"; bbox 0 0 3046 5036; ppageno 0'>
   <div class='ocr_carea' id='block_1_1' title="bbox 679 397 727 471">
    <p class='ocr_par' dir='ltr' id='par_1_1' title="bbox 679 397 727 471">
     <span class='ocr_line' id='line_1_1' title="bbox 679 397 727 471; baseline 0 0"><span class='ocrx_word' id='word_1_1' title='bbox 679 397 727 471; x_wconf 79' lang='grc'><strong>29</strong></span> 
     </span>
    </p>
   </div>
   <div class='ocr_carea' id='block_1_2' title="bbox 23 587 1301 3175">
    <p class='ocr_par' dir='ltr' id='par_1_2' title="bbox 23 587 1294 1510">
     <span class='ocr_line' id='line_1_2' title="bbox 120 587 1290 682; baseline 0.004 -22"><span class='ocrx_word' id='word_1_2' title='bbox 120 593 233 662; x_wconf 89' lang='lat' dir='ltr'><strong>rudem</strong></span> <span class='ocrx_word' id='word_1_3' title='bbox 256 592 430 682; x_wconf 82' lang='lat' dir='ltr'><strong>quamdam</strong></span> <span class='ocrx_word' id='word_1_4' title='bbox 453 591 710 679; x_wconf 80' lang='lat' dir='ltr'><strong>indigestamque</strong></span> <span class='ocrx_word' id='word_1_5' title='bbox 731 587 822 656; x_wconf 86' lang='lat' dir='ltr'><strong>nohis</strong></span> <span class='ocrx_word' id='word_1_6' title='bbox 843 587 973 658; x_wconf 78' lang='lat' dir='ltr'><strong>exhibet</strong></span> <span class='ocrx_word' id='word_1_7' title='bbox 995 599 1290 679; x_wconf 78' lang='lat' dir='ltr'><strong>rerumgestarum</strong></span> 
     </span>
     <span class='ocr_line' id='line_1_3' title="bbox 118 705 1294 800; baseline 0 -18"><span class='ocrx_word' id='word_1_8' title='bbox 118 714 253 782; x_wconf 91' lang='lat' dir='ltr'><strong>molem:</strong></span> <span class='ocrx_word' id='word_1_9' title='bbox 274 733 341 785; x_wconf 87' lang='lat' dir='ltr'><strong>nou</strong></span> <span class='ocrx_word' id='word_1_10' title='bbox 367 732 443 780; x_wconf 81' lang='lat' dir='ltr'><strong>uero</strong></span> <span class='ocrx_word' id='word_1_11' title='bbox 461 710 682 800; x_wconf 68' lang='lat' dir='ltr'><strong>spectaculum</strong></span> <span class='ocrx_word' id='word_1_12' title='bbox 705 707 832 776; x_wconf 83' lang='lat' dir='ltr'><strong>illustre</strong></span> <span class='ocrx_word' id='word_1_13' title='bbox 852 705 931 776; x_wconf 86' lang='lat' dir='ltr'><strong>ittud</strong></span> <span class='ocrx_word' id='word_1_14' title='bbox 947 713 980 775; x_wconf 92' lang='lat' dir='ltr'><strong>et</strong></span> <span class='ocrx_word' id='word_1_15' title='bbox 999 705 1094 794; x_wconf 86' lang='lat' dir='ltr'><strong>plane</strong></span> <span class='ocrx_word' id='word_1_16' title='bbox 1116 709 1294 792; x_wconf 80' lang='lat' dir='ltr'><strong>diluiuum,</strong></span> 
     </span>
     <span class='ocr_line' id='line_1_4' title="bbox 118 809 1293 918; baseline 0.003 -22"><span class='ocrx_word' id='word_1_17' title='bbox 118 832 152 898; x_wconf 92' lang='lat' dir='ltr'><strong>in</strong></span> <span class='ocrx_word' id='word_1_18' title='bbox 169 809 233 918; x_wconf 88' lang='lat' dir='ltr'><strong>quo</strong></span> <span class='ocrx_word' id='word_1_19' title='bbox 252 831 420 900; x_wconf 90' lang='lat' dir='ltr'><strong>homiuum</strong></span> <span class='ocrx_word' id='word_1_20' title='bbox 436 832 645 918; x_wconf 87' lang='lat' dir='ltr'><strong>gentiumque</strong></span> <span class='ocrx_word' id='word_1_21' title='bbox 664 831 751 896; x_wconf 84' lang='lat' dir='ltr'><strong>uires</strong></span> <span class='ocrx_word' id='word_1_22' title='bbox 772 834 806 896; x_wconf 88' lang='lat' dir='ltr'><strong>et</strong></span> <span class='ocrx_word' id='word_1_23' title='bbox 828 825 952 905; x_wconf 85' lang='lat' dir='ltr'><strong>studia,</strong></span> <span class='ocrx_word' id='word_1_24' title='bbox 975 825 1045 896; x_wconf 90' lang='lat' dir='ltr'><strong>looo</strong></span> <span class='ocrx_word' id='word_1_25' title='bbox 1063 827 1138 898; x_wconf 88' lang='lat' dir='ltr'><strong>licet</strong></span> <span class='ocrx_word' id='word_1_26' title='bbox 1160 837 1193 900; x_wconf 84' lang='lat' dir='ltr'><strong>at</strong></span> <span class='ocrx_word' id='word_1_27' title='bbox 1212 837 1293 900; x_wconf 84' lang='lat' dir='ltr'><strong>tem·</strong></span> 
     </span>
     <span class='ocr_line' id='line_1_5' title="bbox 119 945 1293 1037; baseline 0.003 -21"><span class='ocrx_word' id='word_1_28' title='bbox 119 961 196 1037; x_wconf 90' lang='lat' dir='ltr'><strong>pore</strong></span> <span class='ocrx_word' id='word_1_29' title='bbox 220 959 252 1018; x_wconf 92' lang='lat' dir='ltr'><strong>et</strong></span> <span class='ocrx_word' id='word_1_30' title='bbox 282 951 406 1018; x_wconf 88' lang='lat' dir='ltr'><strong>ratione</strong></span> <span class='ocrx_word' id='word_1_31' title='bbox 432 950 652 1036; x_wconf 80' lang='lat' dir='ltr'><strong>maximopere</strong></span> <span class='ocrx_word' id='word_1_32' title='bbox 681 947 830 1026; x_wconf 82' lang='lat' dir='ltr'><strong>diversa,</strong></span> <span class='ocrx_word' id='word_1_33' title='bbox 865 963 923 1032; x_wconf 85' lang='lat' dir='ltr'><strong>per</strong></span> <span class='ocrx_word' id='word_1_34' title='bbox 956 945 1076 1016; x_wconf 87' lang='lat' dir='ltr'><strong>multos</strong></span> <span class='ocrx_word' id='word_1_35' title='bbox 1106 968 1222 1029; x_wconf 89' lang='lat' dir='ltr'><strong>casus,</strong></span> <span class='ocrx_word' id='word_1_36' title='bbox 1247 951 1293 1020; x_wconf 86' lang='lat' dir='ltr'><strong>ita</strong></span> 
     </span>
     <span class='ocr_line' id='line_1_6' title="bbox 23 1065 1292 1156; baseline 0.006 -24"><span class='ocrx_word' id='word_1_37' title='bbox 23 1083 26 1090; x_wconf 18' lang='lat' dir='ltr'><strong>t</strong></span> <span class='ocrx_word' id='word_1_38' title='bbox 120 1073 228 1136; x_wconf 74' lang='lat' dir='ltr'><strong>mmeu</strong></span> <span class='ocrx_word' id='word_1_39' title='bbox 259 1070 446 1156; x_wconf 86' lang='lat' dir='ltr'><strong>conspirant</strong></span> <span class='ocrx_word' id='word_1_40' title='bbox 480 1067 631 1154; x_wconf 84' lang='lat' dir='ltr'><strong>idemque</strong></span> <span class='ocrx_word' id='word_1_41' title='bbox 653 1072 853 1154; x_wconf 88' lang='lat' dir='ltr'><strong>sequuntur,</strong></span> <span class='ocrx_word' id='word_1_42' title='bbox 885 1084 948 1132; x_wconf 92' lang='lat' dir='ltr'><strong>uon</strong></span> <span class='ocrx_word' id='word_1_43' title='bbox 975 1071 1013 1131; x_wconf 88' lang='lat' dir='ltr'><strong>ut</strong></span> <span class='ocrx_word' id='word_1_44' title='bbox 1041 1065 1292 1154; x_wconf 87' lang='lat' dir='ltr'><strong>eplurlmorum</strong></span> 
     </span>
     <span class='ocr_line' id='line_1_7' title="bbox 118 1181 1294 1275; baseline 0.005 -24"><span class='ocrx_word' id='word_1_45' title='bbox 118 1187 321 1273; x_wconf 88' lang='lat' dir='ltr'><strong>ingeniorum</strong></span> <span class='ocrx_word' id='word_1_46' title='bbox 332 1186 507 1275; x_wconf 86' lang='lat' dir='ltr'><strong>repetenda</strong></span> <span class='ocrx_word' id='word_1_47' title='bbox 525 1184 643 1252; x_wconf 88' lang='lat' dir='ltr'><strong>studiis</strong></span> <span class='ocrx_word' id='word_1_48' title='bbox 662 1183 836 1252; x_wconf 85' lang='lat' dir='ltr'><strong>videantur</strong></span> <span class='ocrx_word' id='word_1_49' title='bbox 849 1181 1092 1270; x_wconf 86' lang='lat' dir='ltr'><strong>laboribusque,</strong></span> <span class='ocrx_word' id='word_1_50' title='bbox 1117 1185 1173 1254; x_wconf 87' lang='lat' dir='ltr'><strong>sed</strong></span> <span class='ocrx_word' id='word_1_51' title='bbox 1194 1187 1294 1256; x_wconf 76' lang='lat' dir='ltr'><strong>llatae</strong></span> 
     </span>
     <span class='ocr_line' id='line_1_8' title="bbox 116 1282 1292 1395; baseline 0.002 -21"><span class='ocrx_word' id='word_1_52' title='bbox 116 1307 251 1374; x_wconf 88' lang='lat' dir='ltr'><strong>oonsilio</strong></span> <span class='ocrx_word' id='word_1_53' title='bbox 274 1313 307 1372; x_wconf 86' lang='lat' dir='ltr'><strong>ot</strong></span> <span class='ocrx_word' id='word_1_54' title='bbox 330 1305 524 1372; x_wconf 89' lang='lat' dir='ltr'><strong>auctoritate</strong></span> <span class='ocrx_word' id='word_1_55' title='bbox 550 1282 961 1392; x_wconf 67' lang='lat' dir='ltr'><strong>sapientissime‘insuituta</strong></span> <span class='ocrx_word' id='word_1_56' title='bbox 984 1309 1017 1370; x_wconf 87' lang='lat' dir='ltr'><strong>et</strong></span> <span class='ocrx_word' id='word_1_57' title='bbox 1037 1311 1220 1392; x_wconf 86' lang='lat' dir='ltr'><strong>perpetratu</strong></span> <span class='ocrx_word' id='word_1_58' title='bbox 1239 1325 1292 1395; x_wconf 86' lang='lat' dir='ltr'><strong>ap-</strong></span> 
     </span>
     <span class='ocr_line' id='line_1_9' title="bbox 118 1425 835 1510; baseline 0.001 -20"><span class='ocrx_word' id='word_1_59' title='bbox 118 1425 267 1510; x_wconf 88' lang='lat' dir='ltr'><strong>pareantt</strong></span> <span class='ocrx_word' id='word_1_60' title='bbox 318 1479 321 1486; x_wconf 94' lang='lat'><em>.</em></span> <span class='ocrx_word' id='word_1_61' title='bbox 832 1443 835 1452; x_wconf 76' lang='grc'><em>’</em></span> 
     </span>
    </p>

    <p class='ocr_par' dir='ltr' id='par_1_3' title="bbox 115 1539 1301 2560">
     <span class='ocr_line' id='line_1_10' title="bbox 165 1539 1301 1632; baseline 0.004 -23"><span class='ocrx_word' id='word_1_62' title='bbox 165 1542 284 1624; x_wconf 83' lang='lat' dir='ltr'><strong>Quodsi</strong></span> <span class='ocrx_word' id='word_1_63' title='bbox 302 1563 377 1630; x_wconf 87' lang='lat' dir='ltr'><strong>ego,</strong></span> <span class='ocrx_word' id='word_1_64' title='bbox 392 1542 453 1610; x_wconf 88' lang='lat' dir='ltr'><strong>hac</strong></span> <span class='ocrx_word' id='word_1_65' title='bbox 472 1543 733 1631; x_wconf 70' lang='lat' dir='ltr'><strong>opportunitate,</strong></span> <span class='ocrx_word' id='word_1_66' title='bbox 744 1561 783 1610; x_wconf 89' lang='lat' dir='ltr'><strong>ex</strong></span> <span class='ocrx_word' id='word_1_67' title='bbox 803 1539 929 1608; x_wconf 84' lang='lat' dir='ltr'><strong>infinita</strong></span> <span class='ocrx_word' id='word_1_68' title='bbox 948 1539 1170 1628; x_wconf 83' lang='lat' dir='ltr'><strong>exemplorum</strong></span> <span class='ocrx_word' id='word_1_69' title='bbox 1185 1545 1301 1632; x_wconf 81' lang='lat' dir='ltr'><strong>capia,-</strong></span> 
     </span>
     <span class='ocr_line' id='line_1_11' title="bbox 117 1658 1293 1749; baseline 0.003 -22"><span class='ocrx_word' id='word_1_70' title='bbox 117 1675 201 1748; x_wconf 87' lang='lat' dir='ltr'><strong>qnae</strong></span> <span class='ocrx_word' id='word_1_71' title='bbox 224 1662 307 1729; x_wconf 90' lang='lat' dir='ltr'><strong>hanc</strong></span> <span class='ocrx_word' id='word_1_72' title='bbox 329 1661 466 1749; x_wconf 84' lang='lat' dir='ltr'><strong>prohant</strong></span> <span class='ocrx_word' id='word_1_73' title='bbox 485 1660 708 1728; x_wconf 82' lang='lat' dir='ltr'><strong>Providentiae</strong></span> <span class='ocrx_word' id='word_1_74' title='bbox 726 1661 860 1728; x_wconf 84' lang='lat' dir='ltr'><strong>ltiviuae</strong></span> <span class='ocrx_word' id='word_1_75' title='bbox 879 1677 992 1729; x_wconf 87' lang='lat' dir='ltr'><strong>euram</strong></span> <span class='ocrx_word' id='word_1_76' title='bbox 1013 1658 1168 1730; x_wconf 82' lang='lat' dir='ltr'><strong>historiae</strong></span> <span class='ocrx_word' id='word_1_77' title='bbox 1184 1670 1293 1735; x_wconf 87' lang='lat' dir='ltr'><strong>auoto-</strong></span> 
     </span>
     <span class='ocr_line' id='line_1_12' title="bbox 117 1779 1294 1868; baseline 0.003 -22"><span class='ocrx_word' id='word_1_78' title='bbox 117 1783 231 1866; x_wconf 83' lang='lat' dir='ltr'><strong>ritate,</strong></span> <span class='ocrx_word' id='word_1_79' title='bbox 255 1781 318 1849; x_wconf 87' lang='lat' dir='ltr'><strong>tale</strong></span> <span class='ocrx_word' id='word_1_80' title='bbox 339 1781 422 1848; x_wconf 88' lang='lat' dir='ltr'><strong>milti</strong></span> <span class='ocrx_word' id='word_1_81' title='bbox 440 1779 665 1868; x_wconf 82' lang='lat' dir='ltr'><strong>explicandum</strong></span> <span class='ocrx_word' id='word_1_82' title='bbox 686 1779 831 1848; x_wconf 89' lang='lat' dir='ltr'><strong>oratione</strong></span> <span class='ocrx_word' id='word_1_83' title='bbox 849 1785 1079 1866; x_wconf 81' lang='lat' dir='ltr'><strong>argumentum</strong></span> <span class='ocrx_word' id='word_1_84' title='bbox 1098 1795 1294 1868; x_wconf 86' lang='lat' dir='ltr'><strong>proponam,</strong></span> 
     </span>
     <span class='ocr_line' id='line_1_13' title="bbox 119 1895 1293 1988; baseline 0.003 -24"><span class='ocrx_word' id='word_1_85' title='bbox 119 1900 204 1985; x_wconf 88' lang='lat' dir='ltr'><strong>quod</strong></span> <span class='ocrx_word' id='word_1_86' title='bbox 226 1920 243 1965; x_wconf 91' lang='lat' dir='ltr'><strong>e</strong></span> <span class='ocrx_word' id='word_1_87' title='bbox 264 1902 418 1988; x_wconf 85' lang='lat' dir='ltr'><strong>temporis</strong></span> <span class='ocrx_word' id='word_1_88' title='bbox 445 1919 509 1988; x_wconf 88' lang='lat' dir='ltr'><strong>quo</strong></span> <span class='ocrx_word' id='word_1_89' title='bbox 531 1901 673 1966; x_wconf 79' lang='lat' dir='ltr'><strong>vivimus</strong></span> <span class='ocrx_word' id='word_1_90' title='bbox 695 1899 821 1966; x_wconf 88' lang='lat' dir='ltr'><strong>ratione</strong></span> <span class='ocrx_word' id='word_1_91' title='bbox 843 1900 1004 1985; x_wconf 87' lang='lat' dir='ltr'><strong>petitum,</strong></span> <span class='ocrx_word' id='word_1_92' title='bbox 1027 1915 1104 1964; x_wconf 90' lang='lat' dir='ltr'><strong>eum</strong></span> <span class='ocrx_word' id='word_1_93' title='bbox 1126 1895 1293 1984; x_wconf 87' lang='lat' dir='ltr'><strong>religionis</strong></span> 
     </span>
     <span class='ocr_line' id='line_1_14' title="bbox 120 2015 1293 2102; baseline 0.003 -20"><span class='ocrx_word' id='word_1_94' title='bbox 120 2016 321 2084; x_wconf 77' lang='lat' dir='ltr'><strong>Christianae</strong></span> <span class='ocrx_word' id='word_1_95' title='bbox 340 2017 556 2084; x_wconf 89' lang='lat' dir='ltr'><strong>emolumento</strong></span> <span class='ocrx_word' id='word_1_96' title='bbox 575 2025 609 2084; x_wconf 89' lang='lat' dir='ltr'><strong>et</strong></span> <span class='ocrx_word' id='word_1_97' title='bbox 631 2017 766 2084; x_wconf 83' lang='lat' dir='ltr'><strong>humani</strong></span> <span class='ocrx_word' id='word_1_98' title='bbox 789 2017 916 2101; x_wconf 89' lang='lat' dir='ltr'><strong>generis</strong></span> <span class='ocrx_word' id='word_1_99' title='bbox 936 2015 1040 2084; x_wconf 88' lang='lat' dir='ltr'><strong>salute</strong></span> <span class='ocrx_word' id='word_1_100' title='bbox 1069 2017 1293 2102; x_wconf 84' lang='lat' dir='ltr'><strong>conjunctissi-</strong></span> 
     </span>
     <span class='ocr_line' id='line_1_15' title="bbox 119 2132 1292 2221; baseline 0.004 -20"><span class='ocrx_word' id='word_1_101' title='bbox 119 2155 211 2202; x_wconf 92' lang='lat' dir='ltr'><strong>mum</strong></span> <span class='ocrx_word' id='word_1_102' title='bbox 232 2137 291 2212; x_wconf 86' lang='lat' dir='ltr'><strong>sit;</strong></span> <span class='ocrx_word' id='word_1_103' title='bbox 314 2136 396 2204; x_wconf 86' lang='lat' dir='ltr'><strong>nihil</strong></span> <span class='ocrx_word' id='word_1_104' title='bbox 416 2134 553 2214; x_wconf 71' lang='lat' dir='ltr'><strong>lacum,</strong></span> <span class='ocrx_word' id='word_1_105' title='bbox 577 2133 698 2221; x_wconf 87' lang='lat' dir='ltr'><strong>quoda</strong></span> <span class='ocrx_word' id='word_1_106' title='bbox 716 2133 786 2204; x_wconf 88' lang='lat' dir='ltr'><strong>loco</strong></span> <span class='ocrx_word' id='word_1_107' title='bbox 804 2150 902 2220; x_wconf 89' lang='lat' dir='ltr'><strong>quem</strong></span> <span class='ocrx_word' id='word_1_108' title='bbox 918 2132 1088 2214; x_wconf 91' lang='lat' dir='ltr'><strong>adscendi,</strong></span> <span class='ocrx_word' id='word_1_109' title='bbox 1112 2142 1170 2202; x_wconf 89' lang='lat' dir='ltr'><strong>aut</strong></span> <span class='ocrx_word' id='word_1_110' title='bbox 1188 2155 1207 2202; x_wconf 89' lang='lat' dir='ltr'><strong>a</strong></span> <span class='ocrx_word' id='word_1_111' title='bbox 1222 2153 1292 2206; x_wconf 88' lang='lat' dir='ltr'><strong>mu·</strong></span> 
     </span>
     <span class='ocr_line' id='line_1_16' title="bbox 118 2251 1292 2344; baseline 0.003 -22"><span class='ocrx_word' id='word_1_112' title='bbox 118 2275 195 2322; x_wconf 86' lang='lat' dir='ltr'><strong>nere</strong></span> <span class='ocrx_word' id='word_1_113' title='bbox 208 2255 293 2342; x_wconf 81' lang='lat' dir='ltr'><strong>quod</strong></span> <span class='ocrx_word' id='word_1_114' title='bbox 309 2256 477 2344; x_wconf 79' lang='lat' dir='ltr'><strong>auspicor,</strong></span> <span class='ocrx_word' id='word_1_115' title='bbox 500 2262 557 2322; x_wconf 86' lang='lat' dir='ltr'><strong>aut</strong></span> <span class='ocrx_word' id='word_1_116' title='bbox 570 2273 587 2321; x_wconf 91' lang='lat' dir='ltr'><strong>a</strong></span> <span class='ocrx_word' id='word_1_117' title='bbox 600 2260 712 2322; x_wconf 86' lang='lat' dir='ltr'><strong>saneto</strong></span> <span class='ocrx_word' id='word_1_118' title='bbox 724 2252 780 2321; x_wconf 85' lang='lat' dir='ltr'><strong>illa</strong></span> <span class='ocrx_word' id='word_1_119' title='bbox 796 2253 850 2333; x_wconf 84' lang='lat' dir='ltr'><strong>cui</strong></span> <span class='ocrx_word' id='word_1_120' title='bbox 862 2253 1018 2320; x_wconf 88' lang='lat' dir='ltr'><strong>inservire</strong></span> <span class='ocrx_word' id='word_1_121' title='bbox 1035 2251 1149 2320; x_wconf 89' lang='lat' dir='ltr'><strong>studeo</strong></span> <span class='ocrx_word' id='word_1_122' title='bbox 1161 2271 1292 2336; x_wconf 80' lang='lat' dir='ltr'><strong>caussa,</strong></span> 
     </span>
     <span class='ocr_line' id='line_1_17' title="bbox 117 2370 1293 2460; baseline 0.003 -20"><span class='ocrx_word' id='word_1_123' title='bbox 117 2373 260 2442; x_wconf 84' lang='lat' dir='ltr'><strong>alienum</strong></span> <span class='ocrx_word' id='word_1_124' title='bbox 295 2374 406 2440; x_wconf 86' lang='lat' dir='ltr'><strong>haheri</strong></span> <span class='ocrx_word' id='word_1_125' title='bbox 437 2373 547 2460; x_wconf 85' lang='lat' dir='ltr'><strong>possit.</strong></span> <span class='ocrx_word' id='word_1_126' title='bbox 599 2373 712 2442; x_wconf 85' lang='lat' dir='ltr'><strong>Dicam</strong></span> <span class='ocrx_word' id='word_1_127' title='bbox 744 2373 862 2459; x_wconf 86' lang='lat' dir='ltr'><strong>igitur:</strong></span> <span class='ocrx_word' id='word_1_128' title='bbox 899 2370 948 2437; x_wconf 85' lang='lat' dir='ltr'><strong>Ee</strong></span> <span class='ocrx_word' id='word_1_129' title='bbox 976 2370 1121 2440; x_wconf 78' lang='lat' dir='ltr'><strong>Ecclesia</strong></span> <span class='ocrx_word' id='word_1_130' title='bbox 1156 2371 1293 2453; x_wconf 81' lang='lat' dir='ltr'><strong>Graeca,</strong></span> 
     </span>
     <span class='ocr_line' id='line_1_18' title="bbox 115 2492 615 2560; baseline -0.006 0"><span class='ocrx_word' id='word_1_131' title='bbox 115 2495 248 2560; x_wconf 82' lang='lat' dir='ltr'><strong>Eiaiaae</strong></span> <span class='ocrx_word' id='word_1_132' title='bbox 268 2493 485 2560; x_wconf 79' lang='lat' dir='ltr'><strong>Providentiae</strong></span> <span class='ocrx_word' id='word_1_133' title='bbox 513 2492 544 2560; x_wconf 85' lang='grc' dir='ltr'><em>Τ</em></span> <span class='ocrx_word' id='word_1_134' title='bbox 543 2501 615 2560; x_wconf 85' lang='lat' dir='ltr'><strong>estc.</strong></span> 
     </span>
    </p>

    <p class='ocr_par' dir='ltr' id='par_1_4' title="bbox 118 2611 1293 3175">
     <span class='ocr_line' id='line_1_19' title="bbox 146 2611 1292 2700; baseline 0.006 -26"><span class='ocrx_word' id='word_1_135' title='bbox 146 2613 262 2700; x_wconf 75' lang='lat' dir='ltr'><strong>,Cujus</strong></span> <span class='ocrx_word' id='word_1_136' title='bbox 291 2613 475 2698; x_wconf 88' lang='lat' dir='ltr'><strong>argumenti</strong></span> <span class='ocrx_word' id='word_1_137' title='bbox 498 2619 531 2680; x_wconf 87' lang='lat' dir='ltr'><strong>et</strong></span> <span class='ocrx_word' id='word_1_138' title='bbox 561 2611 753 2699; x_wconf 89' lang='lat' dir='ltr'><strong>dignitatem</strong></span> <span class='ocrx_word' id='word_1_139' title='bbox 784 2619 817 2679; x_wconf 88' lang='lat' dir='ltr'><strong>et</strong></span> <span class='ocrx_word' id='word_1_140' title='bbox 840 2611 1032 2697; x_wconf 84' lang='lat' dir='ltr'><strong>grauitatem</strong></span> <span class='ocrx_word' id='word_1_141' title='bbox 1062 2611 1190 2680; x_wconf 91' lang='lat' dir='ltr'><strong>utinam</strong></span> <span class='ocrx_word' id='word_1_142' title='bbox 1219 2631 1292 2680; x_wconf 86' lang='lat' dir='ltr'><strong>mea</strong></span> 
     </span>
     <span class='ocr_line' id='line_1_20' title="bbox 118 2727 1293 2819; baseline -0.002 -22"><span class='ocrx_word' id='word_1_143' title='bbox 118 2741 225 2819; x_wconf 89' lang='lat' dir='ltr'><strong>posset</strong></span> <span class='ocrx_word' id='word_1_144' title='bbox 257 2749 394 2816; x_wconf 88' lang='lat' dir='ltr'><strong>aequare</strong></span> <span class='ocrx_word' id='word_1_145' title='bbox 416 2731 530 2796; x_wconf 89' lang='lat' dir='ltr'><strong>oratiol</strong></span> <span class='ocrx_word' id='word_1_146' title='bbox 577 2733 619 2798; x_wconf 80' lang='lat' dir='ltr'><strong>dt</strong></span> <span class='ocrx_word' id='word_1_147' title='bbox 642 2751 725 2819; x_wconf 87' lang='lat' dir='ltr'><strong>quae</strong></span> <span class='ocrx_word' id='word_1_148' title='bbox 751 2730 862 2798; x_wconf 88' lang='lat' dir='ltr'><strong>deesse</strong></span> <span class='ocrx_word' id='word_1_149' title='bbox 884 2728 966 2797; x_wconf 89' lang='lat' dir='ltr'><strong>mihi</strong></span> <span class='ocrx_word' id='word_1_150' title='bbox 989 2747 1047 2814; x_wconf 80' lang='lat' dir='ltr'><strong>ego</strong></span> <span class='ocrx_word' id='word_1_151' title='bbox 1071 2727 1202 2815; x_wconf 88' lang='lat' dir='ltr'><strong>quidem</strong></span> <span class='ocrx_word' id='word_1_152' title='bbox 1222 2749 1293 2816; x_wconf 82' lang='lat' dir='ltr'><strong>per·</strong></span> 
     </span>
     <span class='ocr_line' id='line_1_21' title="bbox 120 2845 1292 2936; baseline 0 -22"><span class='ocrx_word' id='word_1_153' title='bbox 120 2850 225 2916; x_wconf 85' lang='lat' dir='ltr'><strong>sentio</strong></span> <span class='ocrx_word' id='word_1_154' title='bbox 243 2848 388 2935; x_wconf 92' lang='lat' dir='ltr'><strong>penitus,</strong></span> <span class='ocrx_word' id='word_1_155' title='bbox 411 2847 490 2915; x_wconf 91' lang='lat' dir='ltr'><strong>haec</strong></span> <span class='ocrx_word' id='word_1_156' title='bbox 512 2869 568 2916; x_wconf 82' lang='lat' dir='ltr'><strong>vos</strong></span> <span class='ocrx_word' id='word_1_157' title='bbox 589 2849 695 2918; x_wconf 84' lang='lat' dir='ltr'><strong>n.1t.1</strong></span> <span class='ocrx_word' id='word_1_158' title='bbox 728 2853 933 2936; x_wconf 75' lang='lat' dir='ltr'><strong>prorostra,</strong></span> <span class='ocrx_word' id='word_1_159' title='bbox 957 2863 1054 2932; x_wconf 89' lang='lat' dir='ltr'><strong>quam</strong></span> <span class='ocrx_word' id='word_1_160' title='bbox 1082 2845 1206 2912; x_wconf 91' lang='lat' dir='ltr'><strong>dudum</strong></span> <span class='ocrx_word' id='word_1_161' title='bbox 1237 2865 1292 2924; x_wconf 82' lang='lat' dir='ltr'><strong>ex·</strong></span> 
     </span>
     <span class='ocr_line' id='line_1_22' title="bbox 120 2962 1291 3058; baseline -0.001 -23"><span class='ocrx_word' id='word_1_162' title='bbox 120 2976 231 3058; x_wconf 86' lang='lat' dir='ltr'><strong>pertus</strong></span> <span class='ocrx_word' id='word_1_163' title='bbox 250 2987 322 3033; x_wconf 91' lang='lat' dir='ltr'><strong>sum</strong></span> <span class='ocrx_word' id='word_1_164' title='bbox 342 2966 577 3048; x_wconf 87' lang='lat' dir='ltr'><strong>benivolentia,</strong></span> <span class='ocrx_word' id='word_1_165' title='bbox 600 2989 619 3036; x_wconf 93' lang='lat' dir='ltr'><strong>a</strong></span> <span class='ocrx_word' id='word_1_166' title='bbox 639 2987 710 3036; x_wconf 91' lang='lat' dir='ltr'><strong>mea</strong></span> <span class='ocrx_word' id='word_1_167' title='bbox 733 2965 890 3034; x_wconf 86' lang='lat' dir='ltr'><strong>orationis</strong></span> <span class='ocrx_word' id='word_1_168' title='bbox 912 2963 1099 3052; x_wconf 79' lang='lat' dir='ltr'><strong>ingeniique</strong></span> <span class='ocrx_word' id='word_1_169' title='bbox 1122 2962 1291 3034; x_wconf 88' lang='lat' dir='ltr'><strong>mediocri·</strong></span> 
     </span>
     <span class='ocr_line' id='line_1_23' title="bbox 119 3067 547 3175; baseline 0 -21"><span class='ocrx_word' id='word_1_170' title='bbox 119 3095 183 3155; x_wconf 89' lang='lat' dir='ltr'><strong>tate</strong></span> <span class='ocrx_word' id='word_1_171' title='bbox 206 3095 391 3175; x_wconf 85' lang='lat' dir='ltr'><strong>exspectare</strong></span> <span class='ocrx_word' id='word_1_172' title='bbox 410 3087 522 3154; x_wconf 80' lang='lat' dir='ltr'><strong>notite!</strong></span> <span class='ocrx_word' id='word_1_173' title='bbox 545 3067 547 3070; x_wconf 30' lang='lat'>⁵</span> 
     </span>
    </p>
   </div>
   <div class='ocr_carea' id='block_1_3' title="bbox 596 3271 834 3298">
    <p class='ocr_par' dir='ltr' id='par_1_5' title="bbox 596 3271 834 3298">
     <span class='ocr_line' id='line_1_24' title="bbox 596 3271 834 3288; baseline 0 -2"><span class='ocrx_word' id='word_1_174' title='bbox 596 3271 834 3288; x_wconf 59' lang='lat' dir='ltr'><strong>...anna———d</strong></span> 
     </span>
     <span class='ocr_line' id='line_1_25' title="bbox 596 3287 834 3298; baseline 0 0"><span class='ocrx_word' id='word_1_175' title='bbox 596 3287 834 3298; x_wconf 73' lang='lat' dir='ltr'><strong>—a—n—n——u</strong></span> 
     </span>
    </p>
   </div>
   <div class='ocr_carea' id='block_1_4' title="bbox 108 3412 1289 3980">
    <p class='ocr_par' dir='ltr' id='par_1_6' title="bbox 108 3412 1289 3980">
     <span class='ocr_line' id='line_1_26' title="bbox 161 3412 1288 3508; baseline -0.008 -17"><span class='ocrx_word' id='word_1_176' title='bbox 161 3418 361 3508; x_wconf 87' lang='lat' dir='ltr'><strong>Ingredienti</strong></span> <span class='ocrx_word' id='word_1_177' title='bbox 384 3423 495 3486; x_wconf 89' lang='lat' dir='ltr'><strong>autem</strong></span> <span class='ocrx_word' id='word_1_178' title='bbox 517 3414 599 3484; x_wconf 92' lang='lat' dir='ltr'><strong>mihi</strong></span> <span class='ocrx_word' id='word_1_179' title='bbox 615 3414 786 3485; x_wconf 87' lang='lat' dir='ltr'><strong>materiam</strong></span> <span class='ocrx_word' id='word_1_180' title='bbox 807 3412 946 3494; x_wconf 87' lang='lat' dir='ltr'><strong>hancce,</strong></span> <span class='ocrx_word' id='word_1_181' title='bbox 969 3430 1033 3480; x_wconf 92' lang='lat' dir='ltr'><strong>nou</strong></span> <span class='ocrx_word' id='word_1_182' title='bbox 1050 3431 1181 3492; x_wconf 85' lang='lat' dir='ltr'><strong>neeesse</strong></span> <span class='ocrx_word' id='word_1_183' title='bbox 1199 3413 1288 3482; x_wconf 86' lang='lat' dir='ltr'><strong>vide-</strong></span> 
     </span>
     <span class='ocr_line' id='line_1_27' title="bbox 112 3532 1289 3634; baseline -0.007 -26"><span class='ocrx_word' id='word_1_184' title='bbox 112 3549 171 3608; x_wconf 89' lang='lat' dir='ltr'><strong>tur</strong></span> <span class='ocrx_word' id='word_1_185' title='bbox 187 3546 224 3620; x_wconf 86' lang='lat' dir='ltr'><strong>ut</strong></span> <span class='ocrx_word' id='word_1_186' title='bbox 243 3556 399 3626; x_wconf 84' lang='lat' dir='ltr'><strong>exponam</strong></span> <span class='ocrx_word' id='word_1_187' title='bbox 423 3537 576 3606; x_wconf 87' lang='lat' dir='ltr'><strong>contiuuo</strong></span> <span class='ocrx_word' id='word_1_188' title='bbox 595 3534 758 3606; x_wconf 83' lang='lat' dir='ltr'><strong>Ecclesiae</strong></span> <span class='ocrx_word' id='word_1_189' title='bbox 775 3533 914 3634; x_wconf 85' lang='lat' dir='ltr'><strong>Graecae</strong></span> <span class='ocrx_word' id='word_1_190' title='bbox 937 3532 1096 3620; x_wconf 80' lang='lat' dir='ltr'><strong>originem</strong></span> <span class='ocrx_word' id='word_1_191' title='bbox 1113 3540 1146 3600; x_wconf 91' lang='lat' dir='ltr'><strong>et</strong></span> <span class='ocrx_word' id='word_1_192' title='bbox 1164 3533 1289 3608; x_wconf 82' lang='lat' dir='ltr'><strong>nariam</strong></span> 
     </span>
     <span class='ocr_line' id='line_1_28' title="bbox 111 3650 1288 3745; baseline -0.007 -19"><span class='ocrx_word' id='word_1_193' title='bbox 111 3659 266 3744; x_wconf 88' lang='lat' dir='ltr'><strong>deinceps</strong></span> <span class='ocrx_word' id='word_1_194' title='bbox 290 3655 474 3733; x_wconf 77' lang='lat' dir='ltr'><strong>fortunam,</strong></span> <span class='ocrx_word' id='word_1_195' title='bbox 498 3653 539 3722; x_wconf 92' lang='lat' dir='ltr'><strong>ad</strong></span> <span class='ocrx_word' id='word_1_196' title='bbox 562 3653 641 3722; x_wconf 94' lang='lat' dir='ltr'><strong>illud</strong></span> <span class='ocrx_word' id='word_1_197' title='bbox 665 3673 768 3745; x_wconf 85' lang='lat' dir='ltr'><strong>usque</strong></span> <span class='ocrx_word' id='word_1_198' title='bbox 788 3662 939 3741; x_wconf 89' lang='lat' dir='ltr'><strong>tempus,</strong></span> <span class='ocrx_word' id='word_1_199' title='bbox 963 3670 1026 3738; x_wconf 90' lang='lat' dir='ltr'><strong>quo</strong></span> <span class='ocrx_word' id='word_1_200' title='bbox 1049 3650 1224 3720; x_wconf 88' lang='lat' dir='ltr'><strong>schismate</strong></span> <span class='ocrx_word' id='word_1_201' title='bbox 1247 3650 1288 3736; x_wconf 85' lang='lat' dir='ltr'><strong>ah</strong></span> 
     </span>
     <span class='ocr_line' id='line_1_29' title="bbox 108 3768 1287 3862; baseline -0.005 -16"><span class='ocrx_word' id='word_1_202' title='bbox 108 3776 258 3846; x_wconf 76' lang='lat' dir='ltr'><strong>Ecclesia</strong></span> <span class='ocrx_word' id='word_1_203' title='bbox 281 3770 396 3844; x_wconf 83' lang='lat' dir='ltr'><strong>Latina</strong></span> <span class='ocrx_word' id='word_1_204' title='bbox 418 3771 581 3859; x_wconf 86' lang='lat' dir='ltr'><strong>disjuncta</strong></span> <span class='ocrx_word' id='word_1_205' title='bbox 604 3779 664 3840; x_wconf 88' lang='lat' dir='ltr'><strong>est.</strong></span> <span class='ocrx_word' id='word_1_206' title='bbox 711 3773 777 3840; x_wconf 89' lang='lat' dir='ltr'><strong>lloc</strong></span> <span class='ocrx_word' id='word_1_207' title='bbox 801 3774 871 3862; x_wconf 88' lang='lat' dir='ltr'><strong>ipso</strong></span> <span class='ocrx_word' id='word_1_208' title='bbox 893 3771 981 3838; x_wconf 87' lang='lat' dir='ltr'><strong>enim</strong></span> <span class='ocrx_word' id='word_1_209' title='bbox 1004 3768 1178 3841; x_wconf 85' lang='lat' dir='ltr'><strong>schismate</strong></span> <span class='ocrx_word' id='word_1_210' title='bbox 1204 3769 1287 3842; x_wconf 88' lang='lat' dir='ltr'><strong>aoei-</strong></span> 
     </span>
     <span class='ocr_line' id='line_1_30' title="bbox 108 3888 1286 3980; baseline -0.005 -14"><span class='ocrx_word' id='word_1_211' title='bbox 108 3897 179 3975; x_wconf 88' lang='lat' dir='ltr'><strong>dit,</strong></span> <span class='ocrx_word' id='word_1_212' title='bbox 203 3902 241 3961; x_wconf 91' lang='lat' dir='ltr'><strong>ut</strong></span> <span class='ocrx_word' id='word_1_213' title='bbox 255 3892 434 3972; x_wconf 85' lang='lat' dir='ltr'><strong>exstiterit,</strong></span> <span class='ocrx_word' id='word_1_214' title='bbox 455 3910 554 3980; x_wconf 88' lang='lat' dir='ltr'><strong>quam</strong></span> <span class='ocrx_word' id='word_1_215' title='bbox 573 3910 660 3958; x_wconf 91' lang='lat' dir='ltr'><strong>nunc</strong></span> <span class='ocrx_word' id='word_1_216' title='bbox 676 3899 876 3979; x_wconf 88' lang='lat' dir='ltr'><strong>spectamus,</strong></span> <span class='ocrx_word' id='word_1_217' title='bbox 897 3889 1018 3960; x_wconf 85' lang='lat' dir='ltr'><strong>Graeca</strong></span> <span class='ocrx_word' id='word_1_218' title='bbox 1036 3888 1200 3969; x_wconf 87' lang='lat' dir='ltr'><strong>Ecclesia,</strong></span> <span class='ocrx_word' id='word_1_219' title='bbox 1223 3892 1245 3958; x_wconf 92' lang='lat' dir='ltr'><strong>i.</strong></span> <span class='ocrx_word' id='word_1_220' title='bbox 1258 3911 1286 3960; x_wconf 88' lang='lat' dir='ltr'><strong>e.</strong></span> 
     </span>
    </p>
   </div>
   <div class='ocr_carea' id='block_1_5' title="bbox 111 3989 1412 4100">
    <p class='ocr_par' dir='ltr' id='par_1_7' title="bbox 111 3989 1412 4100">
     <span class='ocr_line' id='line_1_31' title="bbox 111 3989 1412 4100; baseline -0.007 -18"><span class='ocrx_word' id='word_1_221' title='bbox 111 4014 364 4084; x_wconf 74' lang='lat' dir='ltr'><strong>Christianorum</strong></span> <span class='ocrx_word' id='word_1_222' title='bbox 394 4012 530 4080; x_wconf 81' lang='lat' dir='ltr'><strong>Societas</strong></span> <span class='ocrx_word' id='word_1_223' title='bbox 557 4012 591 4076; x_wconf 83' lang='lat' dir='ltr'><strong>in</strong></span> <span class='ocrx_word' id='word_1_224' title='bbox 626 4008 835 4076; x_wconf 80' lang='lat' dir='ltr'><strong>Orientalibus</strong></span> <span class='ocrx_word' id='word_1_225' title='bbox 856 4009 1003 4098; x_wconf 84' lang='lat' dir='ltr'><strong>Europae</strong></span> <span class='ocrx_word' id='word_1_226' title='bbox 1021 3989 1177 4100; x_wconf 62' lang='lat' dir='ltr'><strong>partim</strong></span> <span class='ocrx_word' id='word_1_227' title='bbox 1192 3989 1286 4089; x_wconf 70' lang='lat' dir='ltr'><strong>stadi-</strong></span> <span class='ocrx_word' id='word_1_228' title='bbox 1407 4082 1412 4090; x_wconf 29' lang='lat'><strong>¹</strong></span> 
     </span>
    </p>
   </div>
   <div class='ocr_carea' id='block_1_6' title="bbox 108 4124 1286 4460">
    <p class='ocr_par' dir='ltr' id='par_1_8' title="bbox 108 4124 1286 4460">
     <span class='ocr_line' id='line_1_32' title="bbox 110 4124 1286 4240; baseline -0.009 -38"><span class='ocrx_word' id='word_1_229' title='bbox 110 4136 190 4213; x_wconf 79' lang='lat' dir='ltr'><strong>lita,</strong></span> <span class='ocrx_word' id='word_1_230' title='bbox 221 4155 258 4200; x_wconf 89' lang='lat' dir='ltr'><strong>aa</strong></span> <span class='ocrx_word' id='word_1_231' title='bbox 284 4131 407 4200; x_wconf 78' lang='lat' dir='ltr'><strong>Latinio</strong></span> <span class='ocrx_word' id='word_1_232' title='bbox 439 4131 626 4198; x_wconf 69' lang='lat' dir='ltr'><strong>Christiania</strong></span> <span class='ocrx_word' id='word_1_233' title='bbox 656 4129 804 4216; x_wconf 81' lang='lat' dir='ltr'><strong>opposita.</strong></span> <span class='ocrx_word' id='word_1_234' title='bbox 852 4128 936 4240; x_wconf 71' lang='lat' dir='ltr'><strong>llaec</strong></span> <span class='ocrx_word' id='word_1_235' title='bbox 965 4149 1061 4210; x_wconf 84' lang='lat' dir='ltr'><strong>vero,</strong></span> <span class='ocrx_word' id='word_1_236' title='bbox 1094 4145 1194 4214; x_wconf 87' lang='lat' dir='ltr'><strong>quare</strong></span> <span class='ocrx_word' id='word_1_237' title='bbox 1221 4124 1286 4192; x_wconf 91' lang='lat' dir='ltr'><strong>illis</strong></span> 
     </span>
     <span class='ocr_line' id='line_1_33' title="bbox 108 4243 1284 4362; baseline -0.004 -43"><span class='ocrx_word' id='word_1_238' title='bbox 108 4253 255 4341; x_wconf 67' lang='lat' dir='ltr'><strong>opposita</strong></span> <span class='ocrx_word' id='word_1_239' title='bbox 275 4252 448 4332; x_wconf 83' lang='lat' dir='ltr'><strong>manserit,</strong></span> <span class='ocrx_word' id='word_1_240' title='bbox 466 4270 609 4339; x_wconf 90' lang='lat' dir='ltr'><strong>quosque</strong></span> <span class='ocrx_word' id='word_1_241' title='bbox 627 4249 718 4319; x_wconf 92' lang='lat' dir='ltr'><strong>illinc</strong></span> <span class='ocrx_word' id='word_1_242' title='bbox 740 4247 884 4330; x_wconf 71' lang='lat' dir='ltr'><strong>tructus,</strong></span> <span class='ocrx_word' id='word_1_243' title='bbox 908 4246 1132 4316; x_wconf 88' lang='lat' dir='ltr'><strong>Providentiae</strong></span> <span class='ocrx_word' id='word_1_244' title='bbox 1150 4243 1284 4362; x_wconf 78' lang='lat' dir='ltr'><strong>Divinae</strong></span> 
     </span>
     <span class='ocr_line' id='line_1_34' title="bbox 109 4362 1282 4460; baseline -0.006 -21"><span class='ocrx_word' id='word_1_245' title='bbox 109 4375 211 4452; x_wconf 81' lang='lat' dir='ltr'><strong>curd,</strong></span> <span class='ocrx_word' id='word_1_246' title='bbox 241 4393 293 4442; x_wconf 90' lang='lat' dir='ltr'><strong>res</strong></span> <span class='ocrx_word' id='word_1_247' title='bbox 316 4371 499 4444; x_wconf 80' lang='lat' dir='ltr'><strong>christiana</strong></span> <span class='ocrx_word' id='word_1_248' title='bbox 523 4377 556 4440; x_wconf 91' lang='lat' dir='ltr'><strong>et</strong></span> <span class='ocrx_word' id='word_1_249' title='bbox 579 4370 701 4460; x_wconf 88' lang='lat' dir='ltr'><strong>ceperit</strong></span> <span class='ocrx_word' id='word_1_250' title='bbox 732 4368 798 4438; x_wconf 87' lang='lat' dir='ltr'><strong>iere</strong></span> <span class='ocrx_word' id='word_1_251' title='bbox 824 4377 856 4438; x_wconf 88' lang='lat' dir='ltr'><strong>et</strong></span> <span class='ocrx_word' id='word_1_252' title='bbox 880 4369 1067 4438; x_wconf 88' lang='lat' dir='ltr'><strong>etiamnunc</strong></span> <span class='ocrx_word' id='word_1_253' title='bbox 1092 4362 1198 4453; x_wconf 88' lang='lat' dir='ltr'><strong>capiat</strong></span> <span class='ocrx_word' id='word_1_254' title='bbox 1227 4363 1282 4432; x_wconf 92' lang='lat' dir='ltr'><strong>ho·</strong></span> 
     </span>
    </p>
   </div>
   <div class='ocr_carea' id='block_1_7' title="bbox 0 0 1528 5036">
    <p class='ocr_par' dir='ltr' id='par_1_9' title="bbox 0 0 1528 5036">
     <span class='ocr_line' id='line_1_35' title="bbox 0 0 1528 5036; baseline 0 1"><span class='ocrx_word' id='word_1_255' title='bbox 0 0 1528 5036; x_wconf 95' lang='lat' dir='ltr'><strong> </strong></span> 
     </span>
    </p>
   </div>
  </div>
 </body>
</html>
