3052 5028
670 403 720 476 99

110 597 211 675 enirn,
235 593 319 684 qued
336 595 405 682 jam
424 593 535 662 tiamne
550 595 611 660 ait:
638 608 785 662 »omnem
803 593 935 660 virtutis
953 591 1082 664 laudem
1102 597 1136 664 in
1154 597 1281 665 actione

109 715 304 803 ponentes'',
328 715 362 780 in
390 711 535 780 Ecclesia
544 731 781 800 quoque-non
800 709 1058 800 philosophantes
1076 734 1110 782 se
1122 715 1281 804 produnt,

109 833 167 900 sed
189 831 366 920 Religionis
388 831 507 920 placita
530 833 591 920 ipsi
611 833 696 899 vitae
715 825 1020 900 hominnm‘nsihus
1039 833 1284 904 accommodan-

109 937 175 1020 tes.
206 953 340 1019 llil-tunt
359 941 614 1040 aversanturque
625 953 725 1019 tricas
738 951 810 1018 illas
829 971 866 1017 ae
883 951 991 1038 spinas
1011 951 1283 1042 disputationum,

109 1077 193 1159 quae
215 1071 349 1140 Graecis
370 1069 549 1158 placebant.
596 1069 666 1137 Non
694 1066 875 1136 difficiliora
892 1067 1087 1158 theologiae
1112 1067 1170 1138 aut
1187 1069 1286 1138 ann«

108 1189 390 1278 stologiae-Gapita
406 1194 548 1266 tentant,
564 1204 663 1254 unam
679 1207 755 1255 vero
770 1185 1055 1277 Anthropologiam
1066 1188 1285 1258 ttnsiaaim

110 1315 143 1376 et
154 1308 319 1376 Ecclesiae
334 1295 549 1394 disciplinam,
567 1305 883 1394 Graecisnegleotas‚
900 1297 1041 1396 diligunt
1053 1315 1150 1395 atque
1161 1305 1283 1378 colunt.

110 1424 199 1492 Lites
222 1423 352 1512 quidem
373 1443 436 1492 non
466 1425 513 1492 sic
544 1433 706 1492 arcentur.
754 1426 807 1493 ht·
820 1445 884 1512 qno
914 1417 1038 1493 fervore
1061 1425 1101 1494 de
1122 1423 1285 1492 'lhinlitnte

109 1540 293 1631 Christique
306 1545 434 1611 naturis
450 1549 616 1612 certarunt
628 1535 781 1633 perpetuo
800 1537 932 1625 Graeci,
949 1539 1060 1612 eodem
1074 1543 1116 1612 de
1129 1541 1284 1626 Peccato,

27 1692 29 1696 ·
108 1651 151 1730 de
170 1663 392 1742 Paenitentia,
415 1662 457 1730 de
477 1655 641 1742 Ecclesia,
672 1662 713 1730 de
741 1663 856 1731 anxilis
883 1660 1012 1732 Gratiae
1039 1663 1115 1744 nei,
1157 1681 1287 1752 semper

107 1785 174 1852 lese
207 1779 324 1849 Latini.
371 1783 485 1850 tineos
508 1771 711 1870 reliquerunt
736 1781 912 1870 dogmatici
940 1783 1124 1870 argumenti
1153 1783 1285 1850 omnino

106 1899 335 1982 paucissimos,
358 1901 490 1967 moralis
511 1911 649 1968 veno‘ac
669 1901 805 1988 practici
827 1893 956 1966 tanturn
980 1921 1044 1966 non
1067 1919 1187 1968 omnes
1234 1900 1285 1968 Ex

109 2013 162 2080 hls‘
185 2013 264 2080 adeo
282 2013 416 2102 prodiit,
439 2018 496 2104 qui
516 2018 602 2084 inter
631 2017 829 2084 Christianos
852 2009 998 2084 omnium
1017 2020 1143 2106 primns
1161 2018 1287 2096 Memno

108 2117 281 2200 doctrinam
292 2133 368 2202 data
390 2125 487 2224 opera
499 2136 647 2223 scripsit,
671 2125 850 2205 dnsnosxns.
879 2137 921 2202 Ut
943 2135 1044 2203 verto
1057 2135 1180 2204 dicamt
1204 2135 1286 2204 nihil

107 2249 298 2338 relinquunt
320 2253 500 2334 intactum,
523 2263 561 2322 ut
583 2245 646 2342 ipsi
663 2243 749 2321 vitae
766 2275 803 2322 ao
827 2255 971 2322 moribus
991 2255 1115 2343 Religio
1137 2256 1250 2344 presit.
1285 2288 1287 2297 ·
1367 2273 1373 2283 ·

117 2409 121 2414 -
154 2369 285 2438 Utinam
298 2389 391 2453 rere,
407 2373 492 2460 quod
508 2391 626 2460 magno
642 2373 689 2440 sio
708 2365 848 2482 agebant
860 2371 988 2455 ardore,
1007 2373 1040 2440 id
1057 2389 1185 2462 semper
1195 2372 1287 2444 recto

107 2487 261 2557 iecissent
291 2509 392 2578 eoque
407 2491 639 2578 processissent
664 2481 830 2573 ulterius,
852 2502 888 2562 ut
911 2495 946 2561 in
964 2495 1037 2562 luce
1059 2491 1214 2560 collocata
1236 2491 1284 2564 (1ίέ
1316 2579 1318 2585 Ι

107 2611 184 2677 rina
210 2610 246 2676 vi
272 2607 462 2695 Euangelii‚
497 2607 581 2676 hane
610 2627 674 2678 non
702 2619 854 2679 externae
887 2621 1015 2681 tantum
1045 2614 1132 2680 vitae
1162 2609 1286 2680 tatiani

107 2713 301 2814 regendae,
335 2725 392 2796 sed
412 2725 544 2792 ⁴morali
578 2733 675 2814 atque
706 2729 852 2796 internae
886 2730 1027 2798 hominis
1061 2729 1286 2797 adhibuissent

109 2843 336 2913 emendationi.
360 2863 362 2870 ’
384 2844 489 2932 liujus
508 2852 617 2912 tamen
633 2846 681 2912 rei
697 2847 878 2934 periculum
898 2848 1030 2934 quidem
1042 2847 1209 2928 iecerunt,
1229 2845 1287 2914 red

107 2961 211 3030 leuius
246 2962 378 3030 illudet
398 2964 537 3032 omnino
552 2965 695 3032 irritum.
742 2966 877 3033 Pietatis
897 2955 1050 3033 exercitia
1070 2939 1286 3054 magnaeano

108 3101 244 3148 numero
260 3079 378 3148 adsunt
399 3089 431 3149 et
453 3082 602 3169 religiose
625 3083 793 3166 coluntur,
816 3084 873 3152 sed
890 3075 1021 3174 pietatis
1036 3083 1286 3153 arbitrariae·ae
1331 3138 1340 3148 .

22 3289 29 3298 ³
109 3199 176 3267 iare
199 3207 361 3267 externae.
409 3201 478 3266 Non
500 3199 578 3287 quid
598 3201 682 3282 lieo,
705 3203 784 3289 qnid
807 3204 985 3292 proximis,
1017 3192 1098 3294 'quid
1118 3205 1196 3284 sihi,
1228 3203 1286 3277 set}
1348 3225 1352 3234 '

110 3317 189 3405 qnid
209 3320 250 3385 sit
272 3319 503 3406 praestandum
522 3320 702 3402 Ecclesiae,
721 3319 900 3410 quaeritur.
933 3325 1096 3392 Haee'una
1111 3325 1200 3392 enim
1218 3341 1286 3390 om·

110 3455 186 3503 nem
217 3443 372 3525 occupat,
397 3437 482 3526 apud
507 3438 654 3521 Latinos,
684 3427 785 3530 ipsius
804 3417 974 3531 Euangelii
996 3443 1113 3510 lecum.
1160 3439 1287 3508 Novum

109 3555 158 3621 sic
181 3556 348 3623 servitutis
368 3557 486 3645 jugum
508 3559 700 3628 Christianis
720 3562 908 3651 imponitur.
958 3560 1141 3629 Christiana
1160 3557 1288 3624 exsulat

109 3669 259 3753 libertas,
278 3693 370 3740 oum
400 3673 549 3744 libertate
568 3678 637 3765 ipsa
650 3672 768 3747 'verior
794 3679 961 3748 moralitas
982 3677 1099 3744 omnis.
1146 3673 1287 3744 Virtutis

109 3792 260 3880 vitaeque
281 3792 483 3860 Ghristianae
495 3813 559 3860 non
571 3797 635 3861 nisi
659 3797 794 3866 umbrae
813 3821 851 3867 ac
871 3795 937 3865 lere
956 3802 1084 3883 spectra
1099 3791 1286 3884 supersunt.

110 3910 281 3978 communi
301 3901 410 3981 autem
434 3904 649 3981 invalescente
673 3915 865 4003 Religionis,
888 3917 995 3995 ritae,
1018 3931 1146 3983 mamm
1174 3911 1287 4002 dopna·

110 4031 260 4110 ratione,
284 4029 462 4110 scuchale
482 4033 552 4121 ipsa
571 4033 686 4113 omnis,
706 4033 739 4100 in
753 4033 1141 4125 eapiteatque-memhris,
1155 4034 1202 4098 ita
1214 4031 1288 4098 suh·

110 4156 162 4216 est
190 4149 353 4229 Ecclesia,
385 4149 511 4237 utiam
538 4155 666 4221 evenire
692 4154 879 4235 videatur,·
894 4154 979 4244 quod
1004 4149 1178 4241 aliquando
1205 4147 1289 4248 dixit

5 4331 6 4344 ,
114 4261 282 4335 Servator':
320 4288 395 4336 »vos
416 4270 494 4336 estis
518 4261 564 4337 sal
589 4255 716 4358 terrae,
753 4275 780 4345 si
803 4297 878 4345 vero
902 4277 947 4345 sal
973 4271 1118 4360 saporem
1147 4269 1286 4348 amisit,
1406 4287 1410 4294 ·

8 4432 12 4473 ς
116 4375 195 4472 quid
216 4388 300 4464 erit,
327 4409 391 4475 quo
416 4388 597 4456 saliaturl’'

1052 4512 1098 4578 7*
1125 4505 1127 4508 ’
