3052 5028
831 365 880 440 62

263 562 512 660 quamplurimis
538 557 707 649 uhcolcgts
735 559 921 630 vilebatur:
952 583 1046 632 suam
1078 566 1202 635 scilicet
1230 569 1443 664 theologiam

264 691 296 760 S.
313 675 501 758 literarum
520 681 592 750 lace
615 673 821 750 censentibus
840 675 1028 772 periclitari.

268 823 271 830 '
306 801 579 892 Austemporllrus
599 802 701 889 igitur
722 802 795 870 istis
818 803 958 883 cultum,
984 812 1042 872 aut
1064 814 1229 876 serratum
1249 811 1350 890 adeo,
1376 837 1442 904 quo

260 925 415 1024 parerai
439 919 555 1001 moto,
585 921 831 1010 Euangelioume
850 912 1099 992 lie'lcrmationis
1117 915 1325 1016 ⁴principium
1354 931 1441 1005 uice

261 1030 362 1121 muer
385 1075 431 1096 a·
453 1040 655 1130 responsent
678 1040 797 1130 regua
820 1043 876 1110 rua
899 1043 1216 1132 recalescente,
1241 1039 1441 1125 scholastica

261 1141 516 1242 einrist'olelica
542 1162 671 1250 potius3
695 1179 793 1250 quam
818 1171 874 1231 aut
897 1161 1040 1243 mulina,
1063 1171 1120 1232 aut
1143 1161 1342 1255 Etraugelica
1364 1191 1441 1244 rere

134 1357 136 1360 -
261 1263 408 1385 tleaoua.
454 1280 658 1370 responset
688 1281 758 1370 ipse·
782 1283 933 1371 princeps
960 1283 1013 1352 ute
1042 1280 1208 1354 dotrinae
1237 1287 1441 1363 chesnianae

234 1487 235 1490 Ἴ
260 1405 372 1489 locus,
396 1421 493 1494 quem
521 1403 713 1490 praecipue,
738 1399 908 1488 tuangeni
935 1409 1046 1491 utpote
1070 1405 1213 1472 animam
1236 1415 1270 1474 et
1285 1410 1442 1481 meditul-

260 1520 621 1608 transtorrentem
649 1509 757 1588 lucem
783 1509 987 1608 protractum
1014 1521 1253 1592 Reiormutores
1278 1525 1440 1602 rolelant.

260 1643 391 1720 Iterum·
410 1625 534 1712 scilicet
559 1633 788 1706 'definitionum
815 1639 1126 1731 distinctionumque
1154 1645 1201 1711 sic
1229 1647 1324 1714 obrui
1354 1653 1439 1720 mole

259 1761 400 1854 *eoepitf
420 1768 458 1829 ut
480 1758 660 1847 simplicem
690 1758 782 1826 illam
807 1759 848 1826 tle
869 1761 921 1827 via
949 1761 1064 1830 salutis
1093 1771 1221 1831 nostrae
1256 1763 1437 1838 doctrinam

260 1872 510 1971 Euangelicam‘,
541 1879 575 1945 in
607 1869 840 1966 Theologor'um
871 1876 1124 1968 systematum,
1155 1887 1284 1973 saepias
1316 1887 1438 1960 frustra

260 1981 449 2095 quaesieris.
495 1999 541 2066 lle
558 1997 649 2066 Sacri
668 1987 778 2065 autern
795 1987 920 2066 Codicis
936 1991 1130 2070 auctoritate
1148 2017 1316 2091 suprema,
1339 2009 1440 2079 nolite

260 2107 556 2208 istis‘temporllrus
588 2133 764 2204 quaerere,
792 2117 914 2205 quilius
940 2110 1117 2188 Polemiees
1147 2128 1441 2197 armamentarium

137 2303 138 2308 ,
261 2241 368 2328 magis
378 2256 477 2328 quam
495 2236 769 2304 verua-doctrinae
781 2236 851 2305 lons
870 2243 903 2304 et
919 2239 1149 2310 normalaotus
1168 2263 1238 2310 esse
1256 2243 1440 2316 ridebatur.

307 2357 371 2427 Setl
393 2355 508 2424 melior
524 2355 593 2423 dies
612 2355 730 2422 illuxit.
778 2355 827 2422 uu
846 2351 982 2424 liberam
1002 2357 1034 2424 S.
1052 2347 1177 2428 Codicis
1194 2361 1320 2430 reditur
1338 2367 1440 2456 expli·

126 2533 128 2538 .
261 2477 432 2547 cerionem.
480 2473 593 2562 Surgit
608 2470 814 2567 'Eremmon
849 2493 946 2562 quom
976 2478 1156 2564 optimum,
1187 2489 1260 2570 post
1290 2483 1441 2557 Huoounu

261 2595 418 2674 esocen,
442 2593 474 2660 S.
493 2592 675 2661 literarum
695 2590 905 2680 interpretem
919 2583 958 2660 err
974 2593 1036 2661 hac
1051 2595 1121 2684 ipsa
1140 2598 1317 2684 Gathedra,
1338 2604 1438 2693 justis

260 2713 430 2794 nmmos,
454 2711 749 2800 noster-,quondam
774 2712 943 2780 lloonsrros
966 2715 1148 2801 celebravit.
1197 2717 1335 2803 Critica,
1359 2725 1438 2793 ller-

261 2835 466 2914 meneutioa,
489 2828 643 2920 Exegesis
666 2827 765 2902 Sacra
788 2831 852 2900 sihi
872 2831 1009 2919 lignum
1030 2833 1161 2902 tandem
1184 2837 1271 2906 inter
1294 2841 1439 2932 discipli·
1515 2839 1516 2852 ³

149 3013 151 3016 .
262 2977 325 3026 nas
349 2948 556 3041 Theologioas
578 2945 883 3038 locum'accipiunt.
930 2952 1047 3040 Neque
1063 2952 1145 3020 alter
1173 2953 1226 3024 illo
1246 2957 1438 3050 Theologiae
1515 2959 1516 3002 ff

262 3071 372 3146 relati
386 3073 520 3151 oculus,
544 3070 707 3149 Historia,
738 3069 850 3150 deest,
874 3088 949 3138 cum
977 3070 1195 3142 Grammatica
1227 3077 1351 3148 scilieet
1374 3083 1438 3151 rite

261 3193 456 3284 conjuncta,
478 3191 645 3259 meliorem
663 3197 847 3258 monstrans
875 3191 907 3258 S.
931 3188 1056 3259 Codicis
1081 3193 1315 3280 interpretandi
1339 3200 1437 3267 viam
1515 3195 1516 3290 f

262 3311 409 3398 Quorum
428 3311 578 3378 omnium
592 3295 673 3378 haee
694 3311 835 3378 manime
856 3312 906 3378 uls
929 3318 961 3379 et
985 3310 1161 3381 efficacitas
1179 3309 1263 3392 tuit,
1278 3305 1343 3395 ut,
1367 3331 1438 3404 pro
1515 3311 1516 3314 ’

263 3428 386 3520 ligatis
414 3429 565 3498 inanibus
588 3431 661 3497 istis
691 3427 953 3498 distinctionibus
986 3423 1312 3520 quaestionibusque,
1337 3435 1437 3504 'lheo

261 3551 358 3640 logia
370 3552 421 3619 uti
437 3551 577 3630 nomine,
594 3549 641 3616 sie
660 3565 696 3616 re
709 3552 780 3640 jam
798 3551 939 3637 coeperit
956 3549 1076 3617 Biblica
1095 3558 1127 3618 et
1142 3547 1340 3638 Euangellea
1357 3575 1436 3624 esse.

305 3673 349 3740 ut
368 3671 447 3740 haec
471 3669 601 3760 quidem
625 3676 800 3758 reputanS,
825 3667 892 3735 lore
915 3671 1083 3758 suspicor,
1108 3673 1164 3758 qui
1187 3674 1290 3738 nostri
1316 3680 1440 3764 tempo·

261 3779 316 3857 ris
327 3769 482 3856 felicitate
501 3789 680 3865 exsultent;
704 3789 822 3877 quippe
842 3809 906 3878 quo
921 3789 969 3870 iel,
991 3777 1084 3881 quod'
1092 3791 1154 3878 ipsi
1172 3791 1220 3857 rei
1236 3784 1439 3860 Christianae

262 3891 499 3976 lamentatores
521 3909 670 3977 volebant
692 3895 855 3988 meruitne,¹
877 3905 1057 3996 pericuum
1085 3907 1312 3998 expletumque
1343 3910 1439 3980 facilc

262 4029 336 4117 quis
363 4011 616 4096 existimauerlt:
640 4027 791 4116 inprimis
814 4029 870 4115 qui
891 4028 1080 4115 'linguarum
1104 4036 1250 4118 reputet,
1274 4027 1440 4097 idiomatis
1515 4049 1516 4094 t

261 4149 435 4238 praecipue
454 4169 517 4237 quo
535 4149 573 4217 ll.
588 4148 788 4217 Testamenti
808 4148 980 4234 scriptores
1004 4149 1056 4216 usi
1079 4156 1171 4230 sunt,
1194 4147 1341 4216 studium
1364 4169 1438 4240 psy-

262 4267 465 4356 chologicum
489 4287 570 4336 nouo
593 4275 625 4336 et
648 4266 812 4358 praeclaro
841 4263 935 4334 hodie
958 4269 1078 4338 auxilio
1102 4267 1172 4339 esse
1195 4270 1435 4357 interpretanti·

262 4367 329 4455 irus¹
342 4386 490 4458 codicem
515 4389 661 4457 Sacrum.
