3052 5028
686 357 733 430 89

1124 445 1190 468 1--
1202 443 1291 502 W]

117 560 222 633 indole
241 577 282 628 ac
301 555 515 626 destinatione
534 553 664 622 omnino
689 549 866 640 practicam
885 565 974 624 esse,
997 545 1065 614 scio
1084 545 1215 635 quidem
1245 549 1291 618 nil

118 699 172 750 mc
197 677 337 748 inauditi
364 673 414 743 vel
438 673 556 744 insueti
579 668 743 760 prolerre,
774 665 855 734 nihil
878 664 973 745 adeo,
995 665 1090 754 cujus
1117 685 1182 735 non
1206 666 1292 738 ultro

118 797 278 876 omnihus,
295 796 421 864 sincere
433 792 522 862 illam
534 789 723 868 nolentibus,
741 786 826 856 elam
837 784 976 854 insideat
992 784 1093 854 animi
1108 788 1291 876 persuasio:

118 925 152 988 at
170 883 286 986 vel'sic
304 913 382 984 talia
404 912 517 992 simul,
540 907 740 1000 quaeetalio
753 907 881 976 sentiet
898 912 1130 974 contrameam
1148 915 1293 978 mentem

118 1035 257 1126 intelligi
278 1033 372 1104 facile
394 1033 528 1122 possint.
576 1031 684 1116 Quare
709 1049 774 1118 quc
797 1025 903 1116 magis
928 1031 1072 1105 constet,
1103 1047 1201 1116 quam
1223 1030 1295 1119 agi-

118 1175 203 1236 mus,
219 1171 344 1232 caussa,
358 1157 434 1220 ante
446 1150 535 1218 illam
548 1150 683 1218 definire
694 1147 915 1238 paucisquam
931 1143 1063 1214 uberius
1072 1145 1234 1234 explicare
1241 1147 1293 1237 ju·

119 1273 218 1342 nabit.
243 1309 290 1324 -
318 1268 404 1351 Quid
423 1268 546 1357 igituri
579 1270 630 1336 An
648 1267 848 1338 Christianae
874 1262 1034 1351 Religioni
1061 1263 1200 1336 indolem
1223 1285 1294 1357 pra-

122 1391 241 1459 cticam
261 1386 448 1466 vindicans,
468 1386 548 1456 illud
561 1387 630 1476 jam
642 1406 720 1474 ago,
736 1395 774 1455 ut
794 1385 945 1455 Divinam
957 1383 1041 1452 hanc
1055 1384 1297 1460 Institutionem

121 1515 313 1597 argumento
343 1525 382 1574 ac
410 1507 580 1596 principiis
607 1525 717 1575 carere
740 1503 998 1594 contemplativis
1032 1512 1090 1574 aut
1109 1504 1296 1577 theoreticis

121 1629 246 1705 dieam;
275 1634 312 1696 ut
335 1625 414 1695 adeo
436 1625 525 1694 omni
548 1625 617 1713 jam
640 1625 848 1714 Dogmaticae
870 1623 1072 1694 Christianae
1091 1624 1191 1694 veluti
1223 1644 1295 1696 ner·

119 1765 176 1816 nos
193 1745 398 1835 praecidam,
422 1765 599 1835 eorumque
616 1743 807 1825 bominum,
830 1743 931 1812 siliis
948 1743 1074 1833 placet,
1097 1743 1295 1816 Christiano-

120 1885 196 1934 rum
230 1864 400 1934 audaciam
428 1875 522 1934 tuear
550 1885 588 1933 ac
615 1863 797 1942 levitatem,
829 1864 908 1952 qni,
942 1863 1021 1952 quid
1059 1864 1171 1933 eredat
1200 1867 1296 1955 quis,

122 1989 180 2050 aut
200 1980 278 2068 quid
300 1999 413 2056 vuum
441 1983 652 2070 divinumque
682 1981 818 2060 babent,
842 1981 936 2049 modo
957 1981 1039 2050 bene
1057 1983 1086 2050 si
1108 1985 1217 2066 vivat,
1249 1988 1297 2056 ni·

122 2099 168 2168 bil
195 2097 316 2168 reterre
343 2097 539 2168 contendant
565 2099 709 2168 temere?
756 2098 923 2182 Proiecto,
955 2108 1035 2168 tunc
1057 2100 1188 2170 demum
1209 2113 1298 2175 reete

122 2218 156 2286 id
180 2219 408 2308 sapienterque
438 2218 563 2288 dictum
586 2217 771 2297 laudarem,
806 2220 836 2286 si
860 2226 918 2288 aut
940 2218 1061 2308 absque
1088 2218 1298 2294 fundamento

123 2357 195 2407 esse
217 2337 402 2408 aedilicium
425 2345 553 2426 posset,
577 2344 634 2404 ant
653 2337 790 2406 stolidus
813 2336 883 2419 ille,
906 2357 1004 2427 quem
1025 2337 1161 2409 llivinus
1184 2340 1296 2413 Serva·

122 2465 175 2524 tor
186 2455 318 2526 domum
334 2475 428 2526 suam
443 2453 667 2526 aedificantem
677 2477 775 2546 snper
789 2475 921 2526 arenam
932 2457 1042 2535 laeit1,
1060 2468 1144 2529 esset
1155 2464 1297 2536 manime

121 2577 249 2665 sapiens
279 2573 446 2644 dicendus.
492 2574 535 2642 At
559 2593 656 2655 vero,
685 2576 718 2642 in
747 2595 860 2645 eornm
883 2578 1046 2666 ipsorum,
1077 2599 1160 2666 quae
1193 2581 1297 2652 solent

123 2693 300 2764 theoretica
315 2701 348 2764 et
367 2692 550 2780 dogmatica
570 2691 656 2772 dici,
679 2711 825 2780 quaeque
845 2693 943 2782 vulgo
960 2696 1054 2762 Fidei
1074 2697 1183 2786 chitn
1204 2701 1294 2770 audi·

124 2822 201 2894 unt,
223 2852 270 2864 --
293 2815 326 2882 in
350 2812 488 2891 borum,
511 2811 666 2899 inquam,
690 2809 850 2878 indoleat
872 2811 914 2880 ad
933 2810 1077 2881 diuinam
1096 2816 1296 2906 Religionem

122 2927 267 3011 ratione,
286 2931 391 2998 omnis
410 2927 494 3009 fere,
516 2947 614 3018 quam
630 2928 683 2997 hic
706 2931 855 3017 agimus,
873 2933 1018 3020 quaestio
1037 2935 1187 3005 vertitur.
1236 2937 1296 3009 Ubi

122 3048 279 3116 nimirum
311 3047 494 3129 Christum,
518 3048 709 3137 sapientiam
733 3056 766 3117 et
785 3050 948 3138 justitiam
972 3060 1006 3121 et
1028 3054 1297 3140 sanctimoniam,

121 3176 155 3236 et
176 3187 252 3235 vero
272 3166 333 3236 hac
353 3169 407 3236 vid
429 3167 699 3257 redemptionem,
723 3187 743 3236 a
765 3169 830 3238 lleo
856 3168 980 3240 lactum
1007 3171 1100 3242 nobis
1126 3174 1297 3264 Apostolus

123 3283 203 3353 dicit
213 3291 237 3365 ²,
268 3285 344 3373 jura
370 3289 551 3376 maritoque
583 3287 723 3376 principi
750 3287 823 3356 loco'
854 3289 938 3358 hanc
965 3293 1076 3361 statim
1110 3295 1296 3383 sapientium

122 3403 281 3484 laudavit,
302 3413 415 3494 utpote
434 3428 534 3496 qnae,
557 3416 691 3475 mentem
709 3407 852 3476 maxime
868 3417 1034 3498 spectans,
1057 3433 1095 3482 ea
1111 3413 1296 3502 complecti·

122 3532 180 3592 tur
201 3531 234 3592 et
256 3524 441 3614 suppeditat
470 3533 595 3612 omnia,
628 3546 711 3616 quae
741 3545 878 3616 magnae
908 3530 956 3597 rei
991 3526 1124 3596 initium
1154 3523 1315 3616 iaciant,

117 3641 299 3732 quibusque
325 3663 420 3730 porro
448 3653 481 3712 et
511 3645 619 3713 animo
648 3646 779 3735 justitia
809 3656 843 3715 et
872 3645 1033 3716 voluntati
1059 3641 1293 3723 sanctimonia,

117 3771 245 3832 atvero
268 3761 392 3832 bomini
414 3763 476 3830 toti
495 3772 616 3852 quanto
635 3785 787 3854 suprema
810 3765 865 3834 illa
884 3763 1046 3854 impertiri
1068 3761 1205 3831 beatitas
1223 3781 1293 3852 pos·

117 3883 179 3963 sit,
202 3897 306 3970 quae,
328 3880 558 3972 redemptionis
578 3883 726 3964 nomine,
744 3903 873 3954 omnam
896 3887 966 3973 ejus
985 3891 1110 3976 spectat
1133 3880 1293 3952 cumben

117 4000 422 4072 reconciliationem.
481 4001 571 4072 Hanc
603 4010 712 4074 autem
740 4003 932 4096 sapientiam
964 4007 1032 4076 sire
1060 4001 1292 4079 theoreticam,

155 4372 179 4444 ι)
197 4373 265 4427 nar.
287 4371 345 4431 vm
367 4371 411 4427 ar.
431 4387 486 4448 sqq.
597 4375 619 4444 1)
639 4375 654 4428 1
674 4371 707 4429 aa
725 4375 780 4431 cor.
794 4377 819 4430 1:
841 4377 884 4429 an.
