3052 5028
675 328 749 410 11⁷

129 519 168 595 Iu
191 535 283 618 parta
306 524 454 614 historica
475 523 571 613 luins
594 525 858 598 commentationis
880 523 1013 615 scriptor
1033 527 1302 598 accuratissimam

74 693 79 704 ·
174 646 400 730 illectricitatis
426 644 614 716 calventem
633 644 793 712 scientiam
815 645 860 712 ita
878 644 1040 734 probarit,
1063 653 1099 713 ut
1118 645 1200 716 Ordo
1218 648 1301 716 milit

176 768 246 853 scre
271 765 354 853 quod
373 764 611 854 reprehenderet
632 764 794 832 inueniret.
841 763 957 834 Altera
978 786 1070 852 pars,
1101 789 1181 854 quaa
1202 769 1302 855 ipsius

175 884 335 971 scriptoris
363 885 614 973 inoestipatioucc
644 883 790 962 continet,
830 903 1021 971 quamquam
1053 906 1115 953 uon
1147 887 1187 952 ab
1218 887 1304 954 ommi

170 1013 263 1096 parte
283 1012 329 1074 est
346 1002 506 1082 absoluta,
529 1011 634 1070 tamen
651 1007 738 1068 tanta
753 1000 950 1090 dilipeutiac,
972 1003 1092 1090 imperiii
1109 1011 1138 1071 et
1151 1003 1304 1092 Physices

174 1124 369 1210 studiirsctu
393 1120 529 1188 iustituti
557 1119 727 1208 specimina
748 1121 900 1202 conticet,
934 1129 970 1188 ut
987 1121 1114 1207 iniquus
1140 1123 1198 1202 sit,
1217 1123 1305 1210 qaia

169 1245 287 1330 justus
309 1240 433 1324 majora
456 1245 510 1304 aut
536 1236 668 1305 meliora
692 1247 871 1327 caspactcrc
898 1239 982 1307 colit.
1029 1238 1142 1325 ltaque
1165 1238 1305 1306 lubenter

182 1359 269 1426 Ordo
301 1355 586 1424 causmcutctioacm
616 1364 646 1422 ct
668 1358 770 1442 justis
803 1357 949 1426 laudibus
981 1367 1011 1426 et
1038 1358 1178 1449 procoma
1211 1357 1308 1446 Rapio

177 1477 347 1544 accuravit.
893 1565 896 1570 Ι

132 1594 323 1682 Scriptorum
341 1613 413 1661 ocra
431 1615 465 1662 sa
477 1595 644 1682 possemus
662 1601 708 1662 cst
730 1603 760 1661 ct
782 1617 815 1662 sc
831 1616 898 1664 esse
911 1596 1057 1682 protacta

529 1779 667 1856 dddNNllS
686 1791 828 1858 BOSSGfld
846 1787 916 1869 dn„

223 1927 261 1996 In
279 1926 378 1997 Acad.
399 1915 502 2013 nugo.
522 1924 591 1992 Bat.
616 1927 714 1996 lllatlt.
738 1935 773 1996 et
792 1924 874 1997 Phil.
898 1925 970 1996 Nat.
993 1919 1200 1996 Candidatus.

175 2155 312 2228 Gratum
334 2155 417 2224 mihi
444 2161 515 2232 est,
539 2133 818 2243 praestantissime
844 2151 992 2224 Bosscnsl
1017 2163 1069 2238 te,
1092 2151 1310 2223 laudatissimi

131 2276 397 2361 celeberrimique
413 2274 520 2341 Patris
540 2275 648 2364 ipsum
663 2276 733 2364 J'am
753 2274 923 2343 laudatum
941 2273 1063 2356 lilium,
1086 2273 1169 2342 mihi
1189 2293 1229 2340 ex
1249 2271 1310 2339 has

129 2399 199 2470 loco
218 2392 425 2464 salutandum
444 2407 513 2462 esse
532 2393 660 2482 publice
680 2395 891 2484 praemioque
914 2395 1107 2464 ornandum.
1156 2390 1247 2474 Quod
1271 2400 1309 2458 ut

131 2515 212 2594 tibi,
235 2515 282 2580 ita
301 2519 334 2580 ct
357 2512 488 2580 Parenti
511 2519 588 2592 tuo,
611 2513 681 2580 viro
710 2513 792 2581 mihi
816 2517 1108 2594 aestumatissimo,
1133 2533 1173 2580 ex
1202 2511 1311 2578 animo
1346 2495 1347 2498 ¹

130 2633 285 2722 gratulor.
333 2631 384 2696 'lu
406 2650 482 2698 vero
499 2631 568 2717 jam
590 2629 650 2696 hoc
678 2633 766 2698 omni
787 2631 908 2699 virium
931 2651 1008 2718 agas
1028 2629 1226 2709 intensione,
1250 2638 1308 2708 ut,

128 2753 212 2820 hono
244 2769 321 2818 cnm
343 2748 426 2831 Deo,
457 2769 521 2816 non
548 2756 677 2816 tantum
701 2748 821 2818 cruditi
848 2751 990 2817 nominis
1014 2745 1064 2816 tui
1090 2746 1309 2816 celebritatem

130 2870 254 2938 tuearis
279 2887 407 2955 semper
437 2873 534 2956 atque
556 2867 734 2947 sustinone,
759 2866 815 2934 sed
834 2875 871 2936 ut
894 2867 1041 2947 Patriae,
1075 2863 1211 2947 Literis,
1234 2874 1310 2935 tuae

81 3065 85 3078 Ι
131 2987 294 3078 imprimis
328 2985 524 3076 Disciplinae
554 2986 659 3074 magis
678 2993 834 3074 perpetuo
868 2994 1059 3056 ornamento
1089 2988 1137 3054 sis
1169 2995 1201 3054 et
1225 3005 1310 3054 enno·

130 3107 290 3178 lumentol
1091 3109 1097 3118 “

325 3441 475 3510 tuultlul
497 3437 626 3505 annuis
646 3437 878 3501 annosorum
899 3435 1117 3505 unnontlltlu
1189 3432 1195 3440 ’

523 3561 561 3605 nr
586 3548 670 3613 llll.
693 3545 919 3615 lllllldlllltlillll.

140 3696 197 3767 Aa
220 3695 430 3786 quaestionem
450 3716 491 3762 coc
512 3692 642 3764 Litteris
669 3697 815 3765 Graecis:
848 3795 853 3807 Ι

135 3840 378 3913 »Emendentnr
416 3858 456 3908 ex
500 3839 713 3928 scriptoribus
747 3841 892 3910 classicis
929 3839 1060 3908 Graecis
1097 3841 1242 3928 quinque
1281 3847 1315 3907 et
1391 3887 1396 3901 .

181 3959 320 4047 »viginti
342 3958 516 4028 minimum
544 3958 608 4028 loci
625 3957 812 4047 depravati,
835 3957 1050 4047 singulaeque
1073 3958 1314 4028 emendationes

130 4129 134 4136 .
182 4077 375 4170 »prebentes
404 4083 437 4146 et
460 4076 725 4147 demonstrentur
758 4097 905 4146 sermone
931 4077 1047 4146 Latino
1074 4077 1115 4145 ad
1148 4096 1220 4145 eam
1251 4074 1313 4144 lor-

181 4217 289 4266 »mam
308 4203 341 4266 et
368 4193 579 4284 elegantiam,
607 4199 702 4266 cuins
728 4194 911 4287 exemplum
951 4197 1246 4287 luculentissimum
1267 4204 1316 4265 est

71 4408 85 4426 ο
185 4315 240 4388 »in
262 4316 382 4388 Manum
404 4313 512 4386 Variis
530 4316 772 4398 Lectionibusi’,
