3052 5028
804 293 853 367 92

220 488 452 556 nuntiaverunt
473 487 650 574 Prophetae
674 495 839 554 auctorem
852 496 874 566 ¹,
898 485 1055 572 cujusque
1078 483 1215 553 ultimus
1249 507 1324 557 rnor
1348 493 1396 559 ai·
1490 454 1491 526 l

220 603 349 674 suturae
360 605 475 676 salutis
487 607 710 696 praenuntius,
728 627 818 674 »esse
829 607 900 694 ejus
912 606 1054 672 inmanu
1066 591 1282 674 ventilabrum
1298 608 1397 692 dixit,

219 745 283 814 quo
303 725 476 794 mundaret
493 745 601 794 aream
618 745 726 805 suam,
742 735 780 794 ut
796 731 965 813 segregato
979 725 1011 790 in
1026 721 1180 790 horreum
1201 727 1320 809 tritico,
1335 751 1399 818 pa.

218 844 286 914 leae
299 846 374 934 igne
393 844 657 914 combureret²l”
689 846 794 925 llcce,
816 844 909 912 adest
926 844 1063 912 bivinus
1082 843 1136 910 ille
1155 843 1290 913 lliuinae
1310 847 1399 917 lleli·
1493 827 1494 832 ¹

219 963 325 1050 gionis
344 971 475 1044 auctor,
498 966 533 1032 in
559 964 654 1053 cujus
674 963 828 1032 ineliabili
846 983 924 1052 erga
944 981 1048 1051 genus
1066 963 1247 1032 humanum
1266 983 1398 1047 amore,
1494 947 1495 956 ἶ

220 1082 254 1150 iu
267 1082 361 1172 cujus
372 1085 540 1155 vilaomni
550 1083 764 1172 carnibusque
775 1081 890 1163 rebus,
909 1082 969 1150 hoc
980 1101 1084 1150 arnum
1099 1101 1227 1172 semper
1246 1083 1311 1172 ipsi
1323 1105 1399 1174 pro-

220 1203 362 1291 positum
374 1204 549 1282 cernimus,
561 1211 599 1272 ut
610 1210 762 1292 superato
772 1203 960 1270 vitiositatis
972 1203 1059 1270 inter
1070 1201 1217 1270 homines
1228 1201 1400 1294 baetoque
1497 1267 1498 1270 ,

220 1322 372 1411 imperio,
396 1323 455 1394 hos
473 1323 604 1392 idoneos
626 1321 796 1401 redderet,
815 1323 873 1411 qui
896 1322 948 1388 sui
968 1323 1072 1388 instar
1094 1319 1136 1388 ad
1158 1341 1269 1391 veram
1292 1325 1398 1394 animi

219 1441 368 1530 vitaeque
391 1445 556 1532 pictatem,
579 1441 620 1510 ad
639 1441 795 1510 moralem
817 1440 938 1508 virium
960 1440 1107 1507 omnium
1131 1440 1397 1530 explicationem,

219 1557 259 1626 ad
279 1560 338 1628 Ilei
358 1561 437 1630 adeo
458 1561 706 1630 similitudinem
729 1559 895 1649 adspirare
917 1565 1048 1646 possent
1066 1565 1165 1647 atque
1187 1562 1372 1649 procedere

266 1679 449 1750 »Meliorem
468 1687 611 1750 mentem
631 1679 867 1748 induimini³l”
887 1697 927 1746 cn
939 1678 1091 1766 primam,
1106 1681 1215 1748 omnia
1224 1681 1293 1769 jam
1305 1703 1388 1750 com·
1501 1671 1502 1676 ’

219 1797 435 1886 plectentem,
463 1800 573 1870 bivini
598 1799 778 1868 Servatoris
812 1795 853 1864 ad
876 1796 1023 1864 homines
1047 1817 1177 1877 vocem,
1207 1819 1274 1887 qua
1301 1799 1389 1869 docc-

221 1924 365 1999 roccos,
396 1920 437 1988 ad
459 1927 625 1998 sanctam,
654 1937 752 2006 quam
783 1915 950 1995 conderet,
974 1917 1161 1984 societatem
1195 1925 1307 2006 patere
1329 1917 1395 1986 adi·

222 2041 292 2104 tum
316 2036 419 2117 nulli,
443 2040 507 2108 nisi
538 2059 595 2128 per
618 2039 779 2106 sinceram
813 2035 915 2103 animi
945 2037 1094 2124 vitaeque
1126 2035 1397 2105 emendationem.

220 2154 267 2222 llo
288 2175 323 2224 ee
346 2157 380 2224 in
403 2158 565 2226 mundum
584 2158 711 2226 venisse
729 2154 864 2224 consilio
881 2153 986 2234 dixit,
1009 2175 1074 2224 non
1097 2161 1133 2222 nt
1152 2153 1324 2244 abrogaret
1339 2157 1401 2225 Ilei

219 2271 324 2360 legem
348 2275 520 2357 moralem,
544 2277 601 2346 scd
627 2285 665 2346 ut
691 2275 808 2344 melius
830 2275 1039 2362 sanctiusque
1065 2273 1154 2340 illius
1179 2274 1402 2344 observandae
1507 2260 1508 2292 ¹

221 2393 371 2462 omnibus
395 2417 454 2482 per
475 2396 572 2483 fidae
593 2415 627 2463 se
650 2395 767 2462 ducem
790 2393 989 2482 praeterat.
1037 2391 1091 2460 Sic
1108 2387 1404 2484 'omnes'llegnum
1508 2366 1509 2392 ,

163 2545 170 2558 -
222 2511 279 2580 llei
313 2513 407 2602 eique
434 2521 666 2601 congruentem
688 2513 900 2601 probitatem,
923 2513 1041 2580 ceteris
1070 2513 1278 2602 posthabitis,
1302 2533 1403 2604 quae·

221 2648 294 2698 rere
310 2632 430 2719 jussit,
463 2642 500 2702 ut
531 2653 595 2702 non
625 2631 789 2702 sufficeret
819 2651 895 2701 eum
924 2632 1116 2719 Magistrum
1150 2651 1188 2700 ac
1221 2633 1402 2703 bominum

220 2751 365 2838 profiteri
373 2760 397 2832 ⁵,
422 2753 477 2822 sed
497 2753 603 2822 Patris
624 2752 776 2822 Caelestis
791 2751 989 2820 voluntatem
1012 2750 1118 2819 lacere
1140 2771 1242 2840 coque
1264 2751 1402 2823 tendere

222 2877 280 2940 »ut
303 2871 439 2960 perlecti
462 2873 585 2954 iterent,
609 2870 882 2961 quemadmodum
907 2877 993 2938 esset
1015 2869 1069 2938 illc
1090 2869 1312 2959 perlectusl⁰”
1344 2871 1403 2941 Sic

222 2987 301 3058 adeo
332 2992 433 3060 vitam
468 3011 562 3062 suam
590 2991 759 3080 deposuit,
791 2996 829 3056 ut
862 2989 1034 3057 moriundo
1061 3009 1120 3079 pro
1142 2990 1306 3078 peccatis;
1340 2979 1402 3058 nos

221 3107 308 3196 ipsos
335 3119 467 3196 peccato
490 3111 574 3178 mori
597 3108 736 3178 doceret.
783 3109 825 3176 llt
848 3109 895 3176 sic
915 3109 949 3176 in
972 3108 1073 3176 vitam
1101 3105 1215 3189 rediit,
1238 3115 1276 3178 ut
1298 3127 1403 3178 novae

221 3233 436 3316 aeternaeque
457 3229 544 3297 vitae
568 3227 711 3296 innubis
729 3228 875 3296 studium
898 3227 1008 3296 aleret.

268 3343 334 3412 lloc
353 3345 456 3434 igitur
476 3347 571 3420 modo
590 3349 726 3417 Divinus
742 3347 797 3415 ille
816 3367 880 3414 non
903 3345 1044 3415 doctoris
1067 3343 1243 3433 dogmatici
1263 3363 1399 3412 munere

221 3457 354 3532 iunctus
371 3472 441 3546 cst,
476 3466 533 3536 sed
554 3469 688 3536 ratione
708 3488 836 3558 semper
855 3465 969 3535 morali
997 3464 1104 3532 lucem
1132 3451 1169 3530 ac
1188 3457 1392 3531 'seruatorem

221 3581 336 3652 mundi
364 3604 399 3653 se
421 3587 595 3675 praestitit.
619 3626 665 3639 -
687 3586 790 3654 licam
816 3583 983 3674 patefecit,
1015 3603 1079 3651 non
1106 3591 1145 3650 ut
1167 3589 1304 3650 naturae
1328 3581 1400 3670 ejus

222 3719 340 3770 arcana
371 3704 662 3795 interpretaretur,
686 3705 743 3774 sed
762 3713 799 3774 ut
819 3703 1003 3774 hominibus
1031 3723 1107 3771 eum
1128 3701 1401 3789 benignissimum

221 3821 351 3890 Patrem
362 3832 568 3894 monstraret.
586 3865 632 3876 -—
652 3825 773 3894 Filium
795 3824 856 3894 Dei
873 3845 907 3894 se
926 3821 1019 3904 dixit,
1038 3821 1102 3892 non
1123 3829 1159 3890 ut
1179 3839 1283 3908 suam,
1300 3818 1401 3889 subli·

258 4147 423 4219 1)1ιι.1)1;
444 4151 470 4204 2.
490 4151 600 4204 xllxll:
622 4150 677 4214 ll,
697 4151 733 4204 tt
749 4167 788 4204 vv.
808 4152 867 4204 lan.
887 4147 990 4202 XXlll:
1013 4147 1037 4199 6.

258 4252 281 4322 ²)
299 4253 366 4308 llar.
386 4256 441 4308 lll:
460 4255 504 4308 12.
608 4254 630 4322 ⁸)
650 4253 716 4307 liar.
738 4254 789 4306 lV:
810 4254 854 4307 17.
875 4252 960 4306 banc.
980 4252 1009 4302 l:
1031 4251 1074 4303 15.
1170 4247 1192 4316 ⁶)
1212 4245 1280 4299 llur.
1299 4241 1334 4298 V:
1355 4239 1401 4296 1⁷.

255 4357 281 4427 ⁵)
300 4357 366 4415 lltr.
386 4359 453 4412 Vlla
473 4358 518 4413 21.
613 4354 637 4426 ὅ)
656 4357 723 4410 bllr.
742 4358 780 4412 V:
802 4353 846 4411 18.
