3052 5028
668 405 717 485 67

108 605 186 686 det,
208 589 377 695 quomagis
400 621 476 673 vore
497 601 685 691 euangelica
708 607 740 668 ot
759 601 931 671 relormata
954 609 1048 671 esset.

127 845 245 912 silano
269 842 397 910 utinam
424 847 535 908 sancte
562 839 623 907 sibi
650 837 755 926 legam
786 839 963 906 manasset!
1011 837 1163 922 Utinam,
1185 861 1284 932 ιιιιιιιι

109 953 369 1032 monstraverant
390 961 499 1040 viam,
529 959 594 1046 qud
623 959 826 1046 praeiverant
849 958 912 1047 ipsi
935 957 1097 1029 Ecclesiae
1119 961 1284 1031 Instaura-

107 1065 218 1163 tores,
242 1081 354 1149 ebdom
377 1099 473 1168 porro
496 1067 715 1166 perrexissent
736 1095 866 1157 omnes,
896 1063 953 1165 qui
975 1077 1016 1145 ab
1038 1079 1167 1149 illorum
1187 1083 1285 1171 parti·

107 1203 172 1271 bus
191 1201 338 1270 stabant!
367 1197 618 1266 llelormationis
640 1197 759 1286 quippe
780 1203 814 1264 et
837 1195 1007 1284 Euangelii
1028 1199 1136 1267 studio
1159 1221 1285 1288 germa-

109 1341 192 1390 num
220 1291 395 1406 jungentes
428 1315 630 1383 Christianae
652 1314 812 1382 libertatis
841 1335 1006 1397 amorem,
1040 1339 1103 1406 quo
1129 1321 1287 1408 praeclari

109 1425 159 1506 1111
177 1437 263 1514 viri,
288 1441 346 1504 aut
364 1433 444 1502 alios
466 1433 542 1512 sibi,
566 1439 623 1499 aut
646 1451 681 1500 se
703 1431 796 1512 aliis,
820 1435 993 1521 magistros
1015 1456 1086 1506 esse
1107 1445 1141 1506 et
1161 1438 1288 1526 legislu·

109 1566 197 1627 tores
229 1555 396 1623 nolebant:
432 1572 536 1622 unum
571 1551 688 1640 quippe
721 1551 872 1620 omnibus
905 1553 1098 1642 Magistrum
1132 1555 1289 1626 habentes

108 1675 284 1747 Coelostem
306 1672 501 1748 Dominum;
523 1689 623 1738 unam
646 1669 750 1758 legem
769 1675 802 1739 et
821 1691 987 1753 normam,
1009 1673 1135 1743 Codicis
1157 1675 1189 1744 S.
1214 1673 1288 1744 doc·

107 1774 251 1872 trinam}
280 1775 388 1862 'unum
411 1789 551 1879 denique
584 1787 683 1858 linem
709 1797 744 1858 at
773 1790 965 1860 consilium:
1000 1799 1088 1862 recte
1117 1795 1227 1863 vivere
1254 1799 1289 1864 et

108 1912 202 1984 beate
220 1913 315 1982 mo'ri.
479 1981 482 1986 ,

133 2009 200 2100 'at
225 2029 303 2098 licet
326 2045 391 2095 non
418 2025 563 2113 graviter
582 2025 765 2094 irascemur
789 2028 850 2108 iis,
874 2030 949 2116 qni,
972 2049 992 2097 a
1012 2028 1289 2099 lieiormatoribus

108 2135 244 2240 propius
270 2145 442 2224 distanter,
466 2154 554 2230 quae*
570 2142 606 2210 hi
621 2143 793 2232 ‘praeclare
814 2147 978 2233 egissent,
1001 2149 1111 2216 omnia
1132 2150 1185 2238 pie
1207 2148 1289 2217 cole·

109 2273 184 2336 rent
203 2272 378 2352 sancteque
394 2267 580 2338 servarent3
603 2261 679 2331 licet
699 2263 778 2331 adeo
796 2283 836 2332 ox
859 2265 1014 2353 religione
1037 2269 1121 2348 ista,
1144 2267 1209 2335 illis
1227 2267 1288 2336 sal-

106 2387 178 2455 ·'tem
208 2382 430 2474 temporibus,
453 2379 537 2448 bona
567 2380 702 2450 linxisse
723 2383 858 2452 minime
885 2383 1087 2464 dubitemus3
1109 2423 1156 2440 -—-
1177 2389 1289 2476 ecquis

105 2503 221 2573 ‘tamen
251 2521 315 2571 non
349 2498 491 2588 lugebit,
523 2503 762 2570 venerationem
797 2501 880 2571 hano
915 2504 962 2572 ita
992 2505 1128 2574 subinde
1151 2507 1292 2576 nimiam·

110 2621 251 2702 iactam,
274 2628 312 2688 ut
335 2603 491 2708 quo'looo
513 2616 647 2686 sanctos
669 2621 782 2688 Patras
798 2605 974 2703 Catholici,
997 2624 1109 2692 eodem
1129 2643 1204 2693 suos
1225 2626 1290 2694 lle·

107 2721 301 2812 formatores
328 2721 560 2826 saepenumero
590 2723 809 2806 Protestantes
840 2737 1021 2822 baberent,
1052 2763 1216 2832 quamque
1241 2745 1289 2812 illi

109 2859 277 2931 melmae
298 2878 411 2936 suae,¹
428 2855 605 2924 infallibilis
627 2856 773 2938 scilicet,
804 2856 932 2945 placitis
957 2859 1124 2929 vindicant
1148 2864 1289 2930 auctori·

108 2981 234 3059 tate'm,
252 2965 398 3045 eamdem
422 2975 524 3044 imme
546 2975 614 3046 suis
639 2975 760 3063 singuli
781 2975 942 3066 Spmbolis
963 2977 1145 3046 tribuerent
1171 2979 1289 3049 horum
1393 2997 1396 3006 ’

110 3079 356 3186 quamplurimi.
404 3075 459 3164 Sic
476 3094 668 3163 labefactata
687 3102 753 3174 est,
772 3079 968 3162 Christianis
987 3097 1043 3162 vix
1061 3103 1173 3179 enata,
1193 3099 1290 3167 llber-

109 3225 173 3284 tas.
198 3225 200 3233 '
226 3215 280 3283 Sic
302 3215 374 3302 ipse
393 3195 510 3281 novam
538 3197 757 3280 Catholicismi
780 3211 918 3282 sormam
946 3215 1092 3284 induisse
1119 3217 1291 3288 videbatur

111 3312 411 3403 Protestarltismus.
460 3331 514 3400 Sic
537 3332 718 3412 Cnunmrrr,
742 3331 919 3412 Culmum,
945 3333 1289 3416 Wrraar,V1an1ncar,

107 3455 277 3533 Vunnmn,
289 3451 374 3531 alli,
399 3449 439 3518 de
458 3449 631 3537 'l'heologia
645 3449 722 3518 licet
742 3453 870 3539 egregie
889 3454 1016 3533 meriti,
1037 3473 1101 3520 non
1121 3455 1292 3542 prohibue-

112 3577 214 3654 runt,
246 3569 420 3660 quominus
448 3571 482 3637 in
511 3589 648 3638 omnem
670 3571 931 3640 Protestantismi
962 3573 1124 3640 rationem
1150 3572 1293 3688 multum

108 3691 339 3762 dominaretur
362 3691 483 3756 iterum
504 3687 646 3757 humana
668 3691 858 3758 auctoritas.

106 3843 114 3866 =
161 3811 199 3880 ln
219 3791 279 3879 hac
303 3806 445 3898 prolecto
464 3787 575 3874 rerum
589 3805 776 3875 conditione
793 3802 880 3874 haud
898 3793 1106 3875 admirabile
1106 3815 1173 3889 est,
1197 3807 1230 3876 id
1249 3749 1294 3878 lo-

110 3913 193 4000 cum
209 3915 361 3998 habuisse
383 3927 530 4008 tandem,
555 3907 642 4015 quod
663 3925 771 3992 seculo
794 3927 948 4015 proxime
962 3926 1072 4016 elapso
1089 3899 1232 3996 iactum
1234 3931 1296 3997 soi·
1322 3902 1326 3909 ⁸

111 4065 202 4119 mus
240 4047 397 4159 Surgunt
416 4025 566 4115 libertate
589 4051 622 4115 et
650 4045 775 4153 impetu
795 4045 882 4133 pleni
906 4047 979 4112 aovi
986 4042 1066 4127 alli,
1090 4033 1154 4148 noa
1182 4047 1296 4137 Refor-

117 4165 277 4248 mot'orcs,
299 4163 360 4236 sed
371 4164 586 4236 Protectontcs
608 4145 756 4244 dicendi,
780 4147 1004 4233 severiorem
991 4151 1060 4254 pam
1083 4161 1298 4252 Euangelioa'e

119 4285 287 4355 doctrinae
307 4283 504 4354 medicinam
531 4292 701 4374 parantes,
729 4304 827 4372 quam
850 4283 1032 4352 Catholicae
1053 4285 1130 4351 olim
1156 4284 1299 4354 laceram

112 4393 296 4476 'Sacrorum
325 4403 571 4477 instauratores.
630 4403 818 4484 Laudabili,
849 4403 975 4484 fateor,
999 4409 1040 4470 ut
1074 4403 1223 4486 oonsilio,
1253 4406 1301 4474 sic

1070 4523 1091 4586 5
1100 4531 1115 4568 C
