3046 5036
785 319 832 394 14

215 533 363 584 caussam
383 521 416 580 et
438 507 659 599 explicandam
683 519 715 578 et
739 507 933 582 iniciendam
952 511 1081 598 egregie
1100 512 1217 583 ualent.
1250 516 1402 588 liemaro

215 634 444 721 grauissimum
476 629 577 709 illud,
612 629 827 717 maximisque
857 645 968 698 rerum
997 632 1165 702 eventibus
1197 633 1324 706 clarum
1360 646 1400 706 et
1500 673 1501 696 ι

215 752 406 821 distinctum
419 748 573 837 temporis
595 747 754 835 spatium,
778 744 863 834 quod
887 746 994 816 senato
1010 750 1124 836 quinto
1141 758 1175 822 et
1197 761 1289 824 sextu
1304 754 1400 826 deei-

214 889 269 940 mo
283 869 479 938 continetur.
525 867 805 956 Expergiscamur
824 873 857 936 et
871 863 972 938 veluti
992 869 1192 942 reviviscunt
1205 871 1404 962 Europaeae

214 995 327 1076 gentes
342 1007 360 1056 e
378 985 473 1074 longe
487 1003 618 1075 sopore.
642 985 969 1074 sulmoniensem,
990 1003 1047 1072 per
1067 984 1179 1060 decem
1196 989 1264 1062 iere
1282 991 1403 1064 secula

215 1127 326 1182 omnes
349 1113 571 1198 occupauerat.
616 1103 705 1174 Noua
726 1105 814 1184 uita,
845 1121 945 1174 nouae
972 1105 1059 1176 uires
1084 1105 1191 1178 ubiuis
1212 1119 1403 1198 apparent,-

215 1228 321 1296 ubluis
342 1245 413 1296 sese
429 1231 601 1303 exserunt,
625 1243 744 1310 magna
765 1219 873 1296 omnia
895 1228 930 1294 et
952 1221 1100 1298 inaudita
1122 1224 1305 1314 perficiunt
1352 1229 1400 1298 In

215 1347 304 1416 bisce
324 1345 404 1434 ipsis
426 1343 555 1414 riciniis
581 1343 723 1422 nostris,
746 1341 856 1412 diuina
878 1341 1041 1429 reperitur
1065 1363 1121 1414 ars
1143 1344 1401 1434 typographiam

216 1463 310 1551 eujm
330 1463 395 1530 uim
418 1467 451 1534 et
472 1461 700 1552 anctoritatem
720 1461 754 1532 ln
770 1460 882 1534 literas
895 1467 929 1528 et
948 1458 1134 1554 doetrinae,
1156 1463 1192 1536 in
1211 1464 1339 1538 cutum
1359 1477 1401 1538 et

215 1581 480 1657 humanitatem„
496 1577 529 1646 in
553 1578 742 1650 uniuersum
766 1577 902 1650 humani
923 1581 1052 1666 generis
1075 1585 1308 1656 commercium
1334 1605 1397 1658 nu·

216 1697 471 1788 percelebravit
496 1703 683 1770 amisorum
705 1705 890 1788 temporum
909 1707 1019 1770 orator
1041 1720 1200 1773 summus
1224 1701 1396 1791 titiliuudi·

216 1825 273 1886 tur
303 1835 361 1906 per
391 1817 575 1886 uniueisum
598 1817 778 1906 Europam,
804 1815 899 1906 'quod
927 1815 1095 1906 niueosque
1120 1820 1395 1911 Constantinopoli

216 1933 443 2004 assumebatur
457 1935 655 2007 Graecarum
677 1936 847 2008 literarum
871 1935 1159 2025 doctrinarumque
1179 1938 1302 2010 lumen.
1334 1939 1394 2010 llo·

216 2075 275 2126 uae
293 2055 503 2144 reperiuntur
521 2053 608 2129 orbis
626 2062 791 2128 terrarum
811 2063 941 2146 partes,
964 2063 998 2126 et
1020 2063 1225 2130 mercaturae
1243 2065 1393 2146 opportu-

217 2175 319 2258 nitate
350 2181 468 2248 mntuo
486 2175 674 2262 iunguntur
707 2177 902 2268 commercio
923 2173 1054 2264 populi,
1078 2195 1098 2246 a
1123 2195 1158 2246 se
1182 2177 1322 2250 inuicem
1344 2197 1395 2251 ro.

216 2291 400 2372 malissimi
422 2290 557 2362 Scholae
578 2291 730 2380 inprimis
748 2298 783 2362 et
804 2291 991 2365 academiae
1017 2293 1204 2368 conduntur
1230 2295 1338 2367 ubiuis
1359 2305 1395 2368 et

217 2413 352 2490 florent,
374 2429 457 2498 quae
479 2407 716 2483 humanitatem
733 2418 767 2478 et
785 2411 1035 2491 liberalitatem,
1060 2431 1124 2484 una
1143 2433 1224 2509 oum¹
1242 2413 1343 2486 literis
1357 2424 1394 2488 ct
1500 2419 1501 2430 ’

216 2531 418 2620 disciplinis,
439 2529 608 2610 insomnes
626 2535 736 2618 partes
757 2537 945 2619 propagent
1004 2529 1185 2620 (inponitur
1207 2532 1339 2620 quidem
1359 2542 1394 2606 et

217 2651 340 2720 resistit
363 2646 539 2739 praeclaris
560 2645 651 2718 bisce
672 2645 841 2720 mantibus
863 2647 1056 2736 degenerata
1075 2649 1131 2722 illa
1152 2651 1317 2726 rectene
1334 2653 1389 2724 ba·

218 2774 307 2842 tinae
334 2769 483 2846 indolesa.
504 2765 561 2838 sed
591 2765 751 2856 prodeunt
778 2765 955 2842 identidem
982 2770 1017 2842 in
1051 2771 1239 2844 certaminis
1260 2792 1393 2844 scenam

218 2891 330 2980 magui
352 2891 387 2960 in
417 2887 531 2977 quouis
552 2884 776 2956 doctrinarum
800 2904 917 2972 genere
937 2887 1021 2967 uiri,
1042 2909 1062 2956 e
1084 2887 1223 2977 nunu,
1247 2892 1393 2964 omnium
1433 2897 1436 2904 ’

219 3014 340 3090 instar,
364 3007 548 3080 nominasse
567 3001 837 3078 suffieitnoatrae
855 3003 980 3092 patriae
994 3004 1118 3090 decus,
1139 3007 1315 3080 Erasmum
1333 3011 1393 3092 llo

218 3127 496 3208 terodamenscma
518 3122 756 3211 quiquoniam
774 3121 948 3196 contulerit
971 3125 1121 3213 seriptis,
1145 3135 1183 3198 ut
1201 3147 1284 3202 noua
1306 3131 1394 3200 inua-

219 3248 356 3320 lesceret
381 3253 422 3317 et,
438 3241 646 3336 stabiliretur
667 3257 746 3314 cum
774 3248 956 3316 ceterarum
984 3262 1120 3326 rernm,
1143 3255 1216 3340 tum
1242 3250 1396 3340 inprimis

220 3365 386 3454 religionis
405 3363 638 3443 retimomnea
654 3368 778 3432 norum
799 3367 843 3432 et'
856 3359 1009 3436 [mentor.
1052 3411 1054 3418 ›
1104 3377 1107 3382 '
1192 3391 1197 3396 ¹

228 3555 233 3561 .
266 3483 391 3556 Ilurbius
424 3488 535 3554 manet
560 3477 764 3567 aliquamdiu
788 3480 901 3568 magni
931 3478 1029 3571 nujus
1060 3486 1249 3556 certaminis
1278 3490 1394 3556 cubus.
1453 3575 1455 3582 Ι
1500 3551 1501 3584 p

221 3607 319 3676 Deest
337 3605 426 3674 enim
446 3608 571 3694 neptum
589 3597 853 3685 definitumque,¹
865 3597 951 3687 quod
971 3611 1161 3690 peragatur,
1183 3607 1398 3694 propositum
1500 3593 1501 3634 ³

222 3722 461 3812 desiderantur¹
476 3719 626 3810 inprimis
651 3717 710 3807 qui
734 3718 852 3812 ceteris
872 3717 1045 3800 omuibus,
1068 3721 1110 3794 ad
1134 3723 1308 3794 meliorem¹
1322 3745 1394 3794 oon·
1500 3737 1501 3820 j

221 3843 378 3917 ditionem
409 3837 670 3930 adspirantibus,
693 3835 793 3910 duces
815 3856 851 3908 so
872 3837 1047 3934 praebeant
1074 3848 1109 3908 et
1130 3850 1393 3931 propugnatores.
1500 3849 1501 3858 ’

221 3961 322 4044 Adest
348 3941 423 4026 uero
450 3959 621 4028 butherus.
669 3954 768 4022 Adest
790 3955 841 4022 uir
864 3955 918 4022 ille
936 3957 1060 4044 ,ingens
1082 3966 1115 4030 et
1144 3961 1254 4032 omnia
1268 3961 1396 4033 efficere

223 4084 345 4160 nitens,
376 4098 459 4167 quae
484 4075 647 4165 praeclare
675 4075 792 4151 anime,
814 4083 1057 4163 praeparassem
1091 4079 1231 4166 pictate,
1253 4081 1395 4163 uirtute,

223 4199 384 4270 libertatis
401 4215 533 4276 amore„
556 4195 658 4265 animi
679 4193 891 4274 tortitudine,
919 4197 1124 4276 constantia,
1148 4199 1274 4286 uigore,
1296 4200 1394 4270 andn-

225 4320 277 4394 eia
311 4315 572 4412 incomparabilis
605 4333 747 4406 prorsus.
804 4313 1005 4390 Exoriunmr
1043 4335 1108 4390 una
1145 4337 1220 4388 oum
1258 4319 1397 4390 butbere
