3052 5028
693 407 697 413 ·
806 385 859 461 98

258 605 264 646 ¹
288 594 352 666 Sed
365 589 498 685 provido
506 569 657 656 Numinis
668 563 791 652 iactum
807 563 856 644 est
868 561 960 655 cure,
971 563 1023 652 ut,¹
1035 567 1228 660 procedente
1240 566 1425 659 Religione,

243 734 285 787 ex
312 715 443 783 Oriente
468 705 677 777 ad'ilraecos
700 691 886 789 propediem
910 694 1061 782 princeps
1087 691 1223 758 verterit
1250 687 1426 778 Euangelii

246 838 333 901 inter
350 831 498 898 homines
519 821 620 893 sedes.
667 821 727 888 Est
748 817 905 884 nimirum
929 799 1263 881 efflorescentis'ictar
1285 807 1426 878 Graecos

178 919 182 926 ⁸
246 951 410 1022 Ecclesiae
435 948 514 1014 haec
546 942 752 1032 potissimum
767 921 949 1004 'viscosae
978 931 1098 1020 glorio,
1132 915 1234 1015 mrhd,
1266 924 1427 996 debellati

246 1057 468 1140 Orientalium
475 1049 697 1138 aberratione,
721 1055 790 1122 suis
806 1052 925 1118 corcus
937 1039 1212 1118 circumscribere
1226 1048 1427 1115 accuratius-

246 1183 311 1278 q'u‘c
319 1163 545 1276 jdm'dehnire
558 1187 592 1250 et
606 1181 765 1267 exponere
782 1173 885 1260 ipsam
904 1167 1081 1256 Religionis
1097 1165 1278 1233 doctrinam
1292 1165 1428 1255 ejusque

247 1293 367 1398 placita
394 1289 545 1393 coeperit.
577 1282 624 1350 -ὲ
653 1297 696 1365 rt
717 1291 855 1372 rideas,
872 1306 1008 1378 quaeso,
1029 1281 1190 1375 quantum
1213 1284 1406 1352 Graeci'isti
1418 1326 1429 1365 ,

248 1411 383 1494 hierli
403 1405 541 1492 ulterius
563 1393 822 1506 progredientes}
845 1423 945 1476 norae
965 1409 1023 1474 sut
1042 1406 1113 1472 ricc
1132 1409 1282 1472 auctores
1297 1406 1429 1473 exstite-

250 1548 319 1614 rint
335 1539 560 1611 aherrationis.
591 1536 655 1603 Suo
677 1533 764 1601 euim
778 1529 902 1617 abrepti
916 1524 1024 1594 studio
1040 1522 1303 1612 philosophandi,
1323 1525 1429 1612 ipsam
1509 1583 1510 1598 ,

249 1651 401 1734 Rivinam
435 1641 635 1745 Religionem
677 1637 843 1736 tamquam
875 1643 1113 1732 Philosophiam
1152 1647 1308 1712 tractant.
1362 1633 1442 1742 llu-¹

250 1801 349 1849 mana
379 1799 454 1846 cum
485 1775 609 1844 Divinis
638 1770 793 1840 audacter
822 1763 1038 1833 confundunt·
1069 1759 1140 1827 -Ilil
1165 1760 1246 1846 ipsis
1277 1760 1422 1828 arduum.

251 1889 378 1968 Arcana
401 1896 459 1963 ilci
480 1899 627 1962 tentant.'
666 1885 758 1971 Quod
780 1905 856 1954 vcro
872 1883 977 1972 pejus:
1003 1879 1119 1948 Sacrae
1137 1875 1215 1946 licet
1234 1879 1371 1966 Reginae
1390 1879 1426 1946 ii·
1509 1887 1510 1900 *

253 2017 350 2084 nibus
372 2015 559 2102 longissime
574 2007 764 2096 excedentes
776 1999 872 2085 ,³non
896 2009 1007 2068 tamen
1028 1997 1090 2064 sihi
1111 1991 1251 2084 singuli,
1274 1999 1331 2066 sed
1355 1999 1431 2066 aliis

252 2123 403 2204 omnihus
424 2133 632 2209 Christianis,
648 2126 801 2193 uidentur
824 2111 886 2190 sihi
908 2115 1139 2207 philosophari.-
1169 2115 1216 2186 uo
1233 2134 1340 2205 usque
1359 2137 1432 2206 pro·

252 2241 361 2322 cessit-⁷
375 2255 409 2321 iu
432 2249 647 2318 conscientias
677 2231 846 2324 hominum
876 2223 1064 2303 dominandi
1093 2235 1210 2315 libito,
1231 2243 1293 2315 ut,
1325 2235 1432 2304 deter-

254 2359 388 2440 minatis
418 2357 557 2464 temere,
574 2355 675 2453 unae
698 2347 757 2428 nec
772 2361 841 2427 lieo
860 2347 966 2422 visum
984 2363 1035 2422 est
1054 2345 1434 2442 reuelurc,tament1uid

254 2487 454 2558 credendum
471 2486 511 2552 dc
526 2487 567 2552 iis
579 2487 672 2562 ess'e't,
692 2468 968 2574 praescriberetur
984 2473 1120 2561 singulis
1138 2468 1365 2540 donhiliorum'
1380 2483 1434 2538 att·

255 2609 417 2677 ctoritate.
429 2614 477 2694 ἦ
489 2605 542 2671 Sic
559 2584 678 2690 igitur,
694 2600 781 2665 inter
796 2583 942 2664 Graecos*
952 2587 1111 2680 primam,
1134 2581 1333 2670 Christiana,
1352 2603 1434 2677 quae

255 2727 396 2804 dicitur,
427 2711 503 2790 nata
519 2728 576 2788 ,cst
599 2704 798 2804 'l'lieologiav
828 2714 871 2796 At
889 2713 936 2778 sio
966 2710 1070 2797 ipsius
1099 2701 1233 2777 Diuinae
1256 2709 1435 2796 Religionis

255 2835 385 2912 omnem
409 2825 578 2928 occupauit
609 2837 687 2903 haec
710 2819 862 2900 humana
886 2818 1058 2912 l'hecl'ogia
1089 2817 1208 2893 locum.
1262 2828 1435 2917 Euangelil

253 2963 366 3041 enim»,
390 2955 524 3048 ejusque
557 2955 685 3022 indolis·
704 2938 834 3020 omnino
862 2935 1041 3038 practicae,
1065 2951 1132 3010 tam
1167 2945 1269 3028 altum
1300 2947 1434 3014 interim

253 3090 307 3150 cst
339 3069 428 3147 hisce
454 3077 584 3146 Graecis
609 3059 797 3151 silentium,
829 3065 979 3136 utlihris
1005 3055 1196 3150 'argumenti
1226 3065 1359 3144 critici,
1384 3067 1435 3134 do·

256 3187 407 3287 gnostici,
440 3185 589 3283 polemici
613 3187 879 3280 quidem-Orbem
899 3183 1112 3272 repleverint,
1141 3183 1272 3250 moralia
1285 3195 1376 3252 'vcro
1399 3205 1434 3254 ac

253 3290 331 3381 dere
359 3313 495 3401 mantici
526 3313 581 3379 rix
607 3311 711 3378 ullum
737 3314 809 3396 post
837 3325 870 3372 se
892 3302 1093 3388 reliquerint.
1140 3299 1225 3383 Quid
1249 3301 1433 3389 quaeritisi

253 3435 387 3501 {terror
406 3429 610 3518 dogmaticus
643 3435 676 3496 st
703 3413 889 3516 polemicus‘
906 3421 1052 3486 omnium
1085 3426 1119 3486 et
1141 3409 1267 3486 mentes
1299 3427 1430 3510 occupat

253 3552 446 3638 animosque
465 3539 620 3618 incendit.
667 3531 987 3626 Dilaeerantihttsqrtc
1010 3517 1188 3605 Ecclesiam
1206 3535 1323 3607 titicus
1345 3556 1427 3607 mere

254 3661 463 3749 theoreticis,
485 3688 561 3738 ecce
573 3675 592 3750 ,'
608 3665 754 3754 ingessit
771 3649 876 3740 udos,
898 3645 1031 3745 languet
1052 3648 1353 3737 circumnectens
1374 3675 1436 3746 par

255 3795 355 3875 atquc
387 3791 526 3870 caritas,
548 3773 593 3856 let
627 3785 753 3862 tacitis,
780 3767 882 3848 cheul
910 3768 1027 3844 norae
1042 3778 1247 3868 Memnoneis
1284 3771 1437 3865 religioni

256 3905 391 3994 puretm
409 3895 580 3978 uictoria.¹
630 3893 636 3952 ἶ
690 3961 693 3968 .

305 4144 410 4226 Quare
433 4143 472 4211 A.
487 4143 523 4208 Α.
549 4140 575 4206 si
595 4137 677 4204 hono
695 4137 753 4206 Ilei
773 4135 905 4203 consilio
927 4133 1049 4200 factum
1073 4139 1138 4212 est,
1163 4140 1200 4200 ut
1219 4132 1441 4220 Orientalium

258 4263 291 4328 in
309 4263 454 4329 Ecclesia
473 4257 675 4348 principatus
687 4263 782 4324 antea
801 4255 931 4323 Graecis
943 4252 1085 4330 cederet,
1102 4251 1189 4318 haud
1209 4258 1298 4319 certe
1314 4251 1441 4318 minori

255 4381 327 4468 ejus
353 4379 508 4448 beneficio
531 4375 668 4466 accidit,
697 4383 735 4444 ut
760 4373 818 4444 hos
837 4395 896 4446 sua
920 4373 991 4442 uice
1018 4371 1126 4440 Latini
1149 4369 1347 4460 exciperent.
1399 4368 1443 4436 lli
