3052 5028
775 303 825 399 72

229 516 304 594 dom
327 507 437 589 ruodo,
460 521 628 576 successor
646 499 728 570 dari.
773 498 891 571 Pietati
910 503 1020 568 lunen
1043 499 1220 580 concessit,
1239 517 1317 570 eum
1336 500 1417 590 ipse

228 637 304 717 ille,
325 631 383 722 qui
405 625 611 716 iniquitatem
632 637 748 710 passus
769 626 858 698 erat,
880 617 994 692 solatio
1012 617 1076 686 sibi
1098 617 1167 688 lore
1186 619 1415 708 signiticaret,

229 759 259 828 si
281 768 436 844 germano
456 742 570 812 saltem
589 737 746 828 discipulo
765 736 873 805 locum
896 735 1036 806 lmisset.
1072 835 1078 844 ἱ

275 875 380 950 Tanto
402 873 512 934 eutem
534 858 643 928 modio
666 856 930 928 Smuuuunrcrus
947 877 983 926 se
999 855 1077 926 hnic
1092 857 1416 940 Academiaededit‚

229 1002 270 1066 nt
288 990 339 1060 uel
354 983 559 1058 Senatorium
577 997 716 1058 munus,
737 977 771 1046 in
788 953 948 1065 Suprema
969 975 1158 1047 lindaudiae
1174 959 1417 1057 Guriassemel

230 1123 285 1194 et,
302 1119 342 1181 ut
364 1103 494 1182 audiri,
513 1101 633 1170 iterun
655 1097 687 1164 ei
709 1095 870 1176 oblatum,
904 1094 999 1164 tende
1022 1103 1207 1182 sperneret,
1234 1099 1434 1186 quomogis,

230 1247 364 1306 caussae
385 1225 455 1313 jam
473 1220 537 1290 sihi
564 1215 736 1286 mandatae
761 1214 935 1304 prodesset
983 1214 1241 1286 Summanum
1271 1215 1414 1287 Scholae

231 1354 267 1428 in
285 1351 346 1420 hac
369 1341 544 1424 Academia
562 1344 681 1414 stator,
704 1309 803 1422 nujus
825 1333 1027 1404 celeberrimi
1045 1334 1110 1400 riri
1131 1349 1267 1414 nomen,
1280 1342 1321 1408 et
1331 1355 1415 1404 uero

231 1490 340 1550 suum,
351 1453 798 1554 posteritaticommendarit,
816 1452 1002 1542 editisejus
1019 1459 1117 1541 atque
1133 1453 1203 1520 suis
1214 1451 1262 1524 ¹ad
1277 1453 1414 1542 Dipcsto

232 1589 319 1664 notis
345 1578 586 1664 eruditissimis.
633 1575 783 1646 Ceterum
814 1571 977 1644 studiosae
994 1571 1409 1662 juventuti,omnis.rixit

232 1710 272 1778 ln
294 1700 438 1775 docendo
466 1697 587 1787 quippe
611 1699 802 1783 promptus,
831 1691 938 1768 alacer
959 1698 1014 1772 et,
1036 1699 1075 1761 ut
1097 1711 1231 1772 omnes,
1253 1693 1409 1780 quicum

232 1825 449 1900 oudiuerrmt,
471 1821 655 1898 testantur,
680 1813 764 1886 mire
788 1813 1002 1901 perspicuus,
1024 1810 1066 1880 ad
1086 1811 1411 1882 udtimamscnectu·

233 1954 302 2020 tem
325 1957 457 2029 usqum
483 1931 724 2020 Discipulorum
740 1937 858 2008 ,autem
880 1931 1082 2008 itanmnns.
1106 1936 1145 2000 ut
1160 1928 1320 2017 singulari
1340 1949 1417 2026 onp-¹

125 2108 129 2118 .
234 2084 293 2140 pos
322 2079 398 2138 oum
427 2053 702 2146 amplecterentur
732 2065 863 2132 emore3
893 2049 1019 2118 Parnm
1041 2047 1313 2118 Summnmcruu
1335 2068 1414 2118 eum

234 2181 333 2268 mulge
359 2178 513 2248 dicentes.
550 2170 647 2255 ,Quid
672 2170 812 2250 mirum,
841 2169 869 2236 si
895 2166 1102 2257 rel‚propter
1130 2169 1415 2256 septuagenariam
1507 2279 1508 2286 ἵ

237 2305 378 2374 aetatem
400 2290 725 2372 bonorificentissime
744 2287 827 2356 rude
842 2287 997 2367 donatus,
1019 2287 1331 2375 aegerrimetemen,
1344 2286 1423 2357 suis.
1507 2293 1508 2314 ¹

234 2416 356 2488 scholis
372 2417 521 2484 uacaret.
568 2408 638 2492 Quo
660 2405 792 2476 tandem
814 2405 921 2486 moto,
943 2404 1180 2476 Warrnondam
1198 2406 1415 2488 monaculis,

235 2535 366 2610 beamus
393 2535 533 2607 mortem
548 2533 762 2616 ,expectans
794 2545 894 2616 quam
925 2525 1085 2614 superiori
1102 2545 1222 2606 ,auom
1251 2525 1347 2598 rum.
1361 2525 1416 2596 die

234 2652 406 2732 vicesimo,
428 2647 556 2738 placide
573 2645 667 2722 otiis
801 2661 804 2668 ·
1375 2679 1378 2684 -

282 2767 480 2850 Laudandus
509 2767 652 2840 maxime
685 2764 774 2848 idem
799 2772 833 2832 et
865 2763 1030 2838 laudatus·
1046 2765 1143 2843 luit,⁸
1165 2767 1419 2856 etiamnzltege

240 2884 625 2982 optimn‚··qui'0rdinis
650 2884 766 2958 Leonis
793 2883 914 2970 Belgici
943 2883 1108 2972 equitibus
1128 2883 1425 2974 eum'adsoripsit·

241 3009 323 3080 Erat
351 3014 461 3076 autem
482 3006 535 3073 uir
559 3005 663 3073 honus
693 3011 727 3078 et
745 3003 876 3090 iustus,
906 3001 982 3070 talis
1011 3003 1177 3083 omnious
1196 3003 1326 3093 qualem
1343 3003 1421 3094 ipse

241 3124 428 3216 aliquando¹
448 3144 488 3194 es
515 3123 577 3198 hoe
605 3121 696 3203 loco,
724 3121 835 3190 habita
864 3119 1037 3202 Oratione,
1065 3124 1249 3210 proposuit:
1284 3123 1325 3192 de
1338 3124 1420 3192 niro

236 3247 344 3336 justo.
370 3243 485 3320 dotem
501 3243 615 3329 optr'mo
633 3251 669 3315 et,
680 3229 874 3332 [edesseno.
918 3240 1005 3310 Erat.
1016 3240 1220 3311 Christianus
1230 3241 1421 3328 imprimis,

243 3381 304 3436 neo
326 3359 462 3449 publice,
479 3367 608 3435 tautum
627 3360 779 3450 frequens
798 3361 862 3434 'liei
886 3359 1012 3440 cultor,
1035 3381 1100 3450 qum
1118 3378 1155 3428 re
1173 3358 1352 3445 ,studiosae
1366 3359 1418 3430 lu·

242 3480 371 3550 ventuti
393 3479 540 3569 exemplo
562 3459 691 3568 epicopis
713 3480 794 3560 fuit,
817 3486 851 3548 at
861 3467 980 3554 [mente
1006 3482 1080 3569 pius
1102 3488 1135 3550 et
1161 3482 1297 3568 integer
1312 3482 1419 3563 ritae,

243 3601 342 3688 inque
361 3598 429 3668 uita
445 3605 481 3676 et
493 3606 599 3676 morte
615 3611 750 3672 omnem
764 3617 963 3687 spemsuam
980 3599 1015 3666 in
1033 3597 1162 3680 christo
1177 3617 1317 3688 ponens:
1328 3598 1423 3688 quod

244 3725 408 3794 tmtantur
420 3719 462 3798 ii,
485 3717 543 3805 qui
565 3717 743 3805 exspiranti
767 3717 947 3788 adstabant.
984 3716 1034 3786 sit
1052 3717 1101 3787 illi
1120 3716 1333 3788 terra-levis!
1357 3717 1422 3786 Neo

245 3837 353 3918 desint
370 3835 488 3914 leidae
504 3856 652 3924 unquam
676 3834 922 3912 Summnmcn
942 3837 1084 3910 marine
1101 3837 1237 3907 similest

290 3954 470 4042 Imaginem
495 3954 559 4022 viri
581 3954 670 4034 filia,
700 3974 798 4042 qnam
821 3976 861 4026 ex
887 3964 1027 4044 quatuor
1050 3956 1165 4044 liberis
1190 3955 1297 4026 solem¹
1319 3965 1426 4026 morte

246 4074 309 4147 sihi
329 4081 533 4162 praereptam
556 4093 622 4150 non
644 4073 747 4156 vidit,
771 4060 958 4164 nuperrim’e
980 4073 1302 4153 Academiaededit:
1324 4077 1426 4145 sicuti

248 4177 413 4274 ffinvussn
433 4192 764 4282 imagincmrelictae
783 4193 855 4283 ejus
876 4193 992 4270 uiduae
1007 4195 1120 4291 pietati
1141 4193 1306 4268 debemus.
1355 4193 1422 4264 Ilti-
