3046 5036
668 371 718 446 33
733 445 737 450 .

97 580 267 671 gaudium!
316 573 413 640 Irrita
443 569 549 637 omnis
575 566 630 634 illa
658 563 830 650 utriusque
852 559 1037 643 Ecclesiae,
1070 561 1104 629 ln
1128 560 1272 632 conciliis

97 700 223 768 sancita
242 692 401 783 puhlicis,
425 685 622 757 conciliatio!
657 683 727 752 lion
745 679 902 750 curabunt
921 681 1003 748 haec
1021 682 1130 749 omnia
1147 681 1273 751 tlraeci.

98 820 141 888 Et
160 812 321 904 quicquid,
334 809 490 899 proximis
506 805 640 885 seculis,
656 803 846 874 continuata
861 798 929 867 lere
944 799 1046 877 serie,
1068 801 1158 868 omni
1177 818 1275 889 opera

99 945 133 1004 et
152 929 268 1002 studio
281 923 386 998 moliti
405 929 472 996 sint
494 926 632 994 Romani
658 921 843 1000 antistites,
865 919 930 986 ista
952 925 990 988 ut
1012 917 1176 988 deleretur
1196 919 1276 988 Gar·

100 1053 218 1140 tlrago:
241 1045 412 1117 movebant
433 1043 598 1122 multum,
622 1039 852 1130 promovebant
874 1040 1010 1126 paruml
1042 1038 1195 1128 Quaeque
1209 1041 1276 1120 sic,

99 1167 250 1240 miraculi
273 1167 395 1242 instar,
419 1166 601 1230 sustentata
622 1157 684 1226 luit
704 1166 737 1226 et
755 1163 905 1235 servata,
927 1175 948 1222 a
968 1155 1104 1244 reliquis
1121 1157 1277 1228 distinctu

99 1285 293 1357 Christianis
315 1279 468 1348 omnibus
488 1277 633 1348 Ecclesia
656 1276 798 1345 Graeca:
821 1275 934 1363 ecquis
955 1271 1175 1355 dubitaverit,
1196 1277 1277 1363 quin

100 1405 219 1474 {livino
241 1400 335 1490 plane
358 1396 493 1466 consilio
515 1404 549 1466 et
567 1394 753 1464 inservierit
772 1393 950 1472 hacteuus,
973 1398 1008 1460 et
1025 1411 1102 1461 vero
1122 1393 1155 1460 in
1174 1400 1277 1482 puste-

103 1541 178 1591 rum
203 1521 247 1590 sit
267 1514 490 1586 inservitura?
990 1515 993 1521 ’
1336 1591 1342 1608 ἱ

146 1641 211 1710 Nec
225 1639 349 1708 lrustra
364 1642 569 1724 quaeruntur
586 1639 687 1706 Anti
704 1644 869 1707 momenta
881 1653 992 1706 rerum
1009 1655 1109 1725 quam
1128 1635 1279 1726 plurima,

101 1777 184 1850 quae
207 1759 329 1827 hancce
347 1762 489 1844 augeant
507 1757 725 1845 suspicionem
744 1763 778 1824 et
794 1756 988 1826 confirment
1005 1756 1199 1858 luculenter.
1233 1755 1280 1824 lle

102 1879 210 1948 nicam
232 1875 273 1944 de
295 1884 477 1944 commento
503 1875 559 1944 illo
581 1877 681 1946 unius
707 1877 943 1964 universaeque
964 1874 1150 1952 Ecclesiae,
1174 1891 1280 1964 quae,

104 1997 248 2066 civitatis
266 2002 299 2062 et
320 1996 491 2062 terrestris·
505 1995 639 2082 Imperii
658 1995 785 2073 instar,
807 1993 918 2082 legum
937 2001 971 2062 et
988 1992 1195 2062 auctoritatis
1212 1995 1281 2061 viu·

105 2113 179 2182 culo
209 2107 401 2180 cives'soes
422 2107 624 2191 contineret,
658 2131 723 2200 quo
745 2111 903 2180 nimirum
931 2112 1161 2180 auctoritatem
1190 2131 1284 2179 suam

104 2227 285 2300 luudarunt
306 2227 450 2304 maxime
466 2230 640 2300 Pontifices
662 2231 815 2300 llomaul:
839 2271 885 2288 -
906 2229 1082 2300 schismate
1104 2229 1165 2298 lrec
1180 2235 1217 2317 ,et
1235 2249 1282 2298 se·

104 2351 272 2442 paratione
294 2355 450 2440 perpetua
468 2348 564 2438 plarm
585 2349 666 2418 illud
684 2349 852 2438 explosum
874 2357 952 2419 est'
981 2351 1046 2419 Nec
1061 2350 1283 2437 arrogantiam

103 2461 281 2542 memorem
293 2469 428 2538 Latinae
438 2463 623 2548 Ecclesiae,
636 2487 671 2536 se
679 2469 836 2556 jacentis
854 2465 1061 2538 communem
1084 2469 1282 2537 omniumin

105 2591 204 2659 terris
229 2581 487 2658 Christianorum
507 2593 647 2654 matrem
671 2605 709 2654 ac
732 2584 913 2665 dominam:
934 2628 981 2640 —
1003 2587 1112 2658 elleclt
1139 2588 1285 2660 Ecclesia

105 2707 250 2785 Graeca,
265 2713 314 2785 ut,
326 2707 475 2792 quamvis
491 2705 623 2774 retundi
638 2705 864 2794 compescique
875 2706 930 2773 illa
945 2707 1073 2773 vanitas
1084 2705 1172 2772 haud
1190 2705 1285 2793 plane

107 2824 269 2912 potuer-it,
296 2841 408 2913 reapse
430 2823 594 2894 confutata
617 2826 672 2893 slt.
717 2824 765 2892 Ne
790 2824 895 2912 igitur
920 2823 1000 2891 haec
1022 2831 1056 2891 et
1077 2823 1142 2890 alia
1163 2821 1284 2890 similia

108 2935 372 3022 commemorem,
390 2937 577 3012 schismatis
595 2943 772 3014 beneficam
789 2941 1031 3012 consideremus
1042 2941 1132 3020 viru,
1155 2959 1232 3008 eum
1249 2941 1283 3010 iu

108 3059 250 3128 (trientis
259 3062 460 3142 Ecclesiam,
483 3069 555 3131 tum
579 3064 731 3131 universe
749 3059 784 3130 in
807 3080 937 3132 omnem
960 3079 1031 3129 rem
1054 3056 1283 3128 Christianam.

147 3179 193 3251 Et
211 3171 354 3266 primum
377 3180 510 3268 quidem
537 3177 599 3250 hoc
621 3201 659 3248 eo
682 3179 833 3250 ellectum
859 3189 931 3262 est,
953 3188 993 3249 ut
1012 3177 1186 3248 Orientalis
1207 3197 1284 3266 pars

103 3289 269 3365 Ecclesiae
290 3289 462 3365 'malornm
496 3315 612 3386 expers
645 3295 803 3366 manserit
832 3283 1130 3386 pravissimorum,
1164 3297 1283 3386 qubus

105 3415 314 3502 caeteroquin
337 3433 489 3504 oppressa
511 3413 652 3484 luisset.¹
682 3415 886 3487 lliseriarum
909 3420 1018 3498 enim,
1040 3419 1076 3486 in
1094 3437 1176 3506 quas
1195 3418 1283 3504 ipsa,

102 3535 173 3622 jam
195 3527 310 3602 relicta
333 3534 412 3615 sibi,
433 3538 555 3606 sensim
577 3534 693 3606 incidit
714 3536 860 3606 Ecclesia
882 3536 1025 3617 Graeca,
1055 3554 1097 3604 ne
1119 3536 1283 3604 existime-

104 3656 150 3722 tis
170 3671 309 3740 quaeso,
333 3653 485 3741 exiguam
502 3651 598 3723 modo
620 3651 780 3724 oriturum
803 3657 1020 3724 accessionem
1037 3653 1159 3736 luisse,
1182 3655 1211 3723 si
1232 3654 1284 3724 vel

103 3771 275 3851 omnium,
298 3786 382 3858 quae
404 3772 492 3840 inter
513 3772 643 3850 Latinos
666 3793 742 3842 mor
758 3773 1010 3854 invalescerent,
1030 3774 1097 3842 uni
1113 3777 1285 3865 particeps

106 3884 297 3959 exstitisset.
321 3927 370 3946 η
397 3891 504 3962 Unum
527 3892 579 3960 vel
602 3893 785 3960 nominasse
814 3891 985 3977 hominem¹
1008 3892 1147 3976 sufficit,
1182 3901 1240 3974 nt,
1264 3914 1284 3962 a

107 4007 344 4097 quanta‘clatle
363 4010 451 4078 salva
466 4019 500 4080 et
518 4007 692 4080 incolumis
710 4010 886 4091 manserit,
909 4012 1093 4104 intelligant
1115 4022 1226 4082 omnes
1248 4019 1283 4080 et

107 4126 282 4196 fateantur.
328 4125 546 4200 Gannorruu
563 4125 657 4197 illum
676 4128 736 4197 Vll
751 4128 838 4209 dico,
863 4149 926 4219 qne
946 4137 1043 4202 nemo
1060 4151 1216 4219 umquam
1230 4129 1282 4200 vel
1404 4204 1410 4212 ,

109 4246 266 4333 majoram
289 4245 340 4314 vel
360 4244 502 4332 pejerem
521 4247 555 4314 in
580 4267 651 4317 rem
671 4248 889 4318 Christianam
907 4253 1136 4342 auctoritatem
1157 4211 1305 4340 habuit(

111 4365 206 4434 llune
236 4374 344 4434 autem
380 4366 408 4432 si
436 4365 599 4434 Romame
627 4367 805 4459 praefuisse
835 4369 1077 4440 consideramus
1100 4369 1284 4451 Ecclesiae,

1078 4489 1101 4555 3
