3052 5028
803 369 874 444 10⁰

292 566 361 636 lieo
382 547 684 641 tamen'amiserat‚
706 579 811 649 neque
820 554 984 640 melioris,
1003 559 1176 648 aliquando
1188 561 1359 645 affuturae,
1378 583 1429 632 ra-

254 688 350 758 tionis
370 705 443 774 spes
462 689 494 750 et
517 681 713 768 exspectatio
733 679 834 748 deest.
880 681 1128 768 Expergiscitur
1150 681 1298 762 tandem,
1322 682 1428 752 latens

251 807 393 883 dudum,
415 822 512 890 quem
524 801 558 866 in
570 797 755 866 fortissimis
766 799 838 866 istis
850 799 890 868 de
901 800 1003 887 stirpe
1024 799 1215 868 Germanica
1231 800 1358 890 populis
1370 802 1426 870 Iti-

249 926 326 996 cina
344 917 701 1014 Religioencitarerat,
725 935 839 986 sensus
861 937 937 986 vere
956 917 1096 986 moralis.
1144 918 1217 984 Urit
1235 939 1307 998 eos,
1331 919 1425 1007 cujus

249 1043 312 1130 ipsi
342 1039 516 1129 participes
549 1042 647 1115 sunt,
678 1037 877 1104 conscientia
909 1036 998 1107 mali.
1046 1035 1215 1123 Quamque
1236 1038 1272 1104 in
1300 1057 1355 1118 se,
1389 1039 1425 1106 in

249 1160 339 1238 aliis,
371 1159 408 1226 in
431 1156 582 1248 universa
604 1173 669 1242 qua
691 1153 756 1222 late
777 1155 906 1242 patebat
930 1154 1095 1234 Ecclesia,
1119 1154 1341 1224 dominantem
1372 1155 1425 1223 de·

250 1277 378 1366 plorant
400 1273 486 1344 uitae
515 1270 721 1341 Christianae
744 1271 981 1344 deformitatem
991 1323 1003 1358 ,
1026 1273 1110 1342 banc
1134 1272 1312 1364 propellere
1335 1274 1425 1343 omni

251 1385 363 1464 studio
379 1413 421 1466 ,ac
443 1392 552 1462 labore
574 1392 737 1460 nituntur.
833 1459 837 1469 ,

237 1599 243 1610 ,
292 1515 427 1600 Magnae
457 1513 506 1580 rei
535 1513 583 1580 sic
606 1513 739 1582 initium
768 1509 911 1580 ducitur.
935 1549 981 1564 --
1004 1512 1067 1582 Sed
1090 1513 1210 1594 ardua,
1233 1533 1317 1602 quac
1344 1521 1451 1582 sunt.

246 1631 371 1722 pulcra.
419 1631 533 1705 Trium
563 1628 665 1698 ferme
696 1629 879 1698 seculorum
903 1635 1082 1702 certamine
1110 1635 1321 1721 omniumque
1352 1635 1419 1700 ani·

248 1771 377 1820 morum
389 1769 469 1836 opus
481 1754 531 1814 est
547 1749 739 1835 agitatione,
754 1757 806 1829 ut,
830 1748 996 1818 debellatis
1016 1751 1288 1830 Scholasticismi‚
1305 1751 1415 1839 Mysti-

247 1869 357 1948 cismi,
381 1867 626 1955 superstitionis
648 1875 681 1936 et
700 1867 909 1936 Hierarchiae
930 1869 1074 1949 viribus,
1097 1871 1213 1957 ingens
1235 1869 1291 1936 illa
1306 1870 1342 1935 in
1365 1866 1416 1936 lu·

246 2009 318 2057 cem
341 1986 473 2076 prodeat
488 1985 650 2054 Ecclesiae
666 1986 884 2066 lnstauratio‚
907 2007 1005 2074 quam
1019 1987 1127 2056 Seculi
1143 1987 1217 2056 XVI
1230 1988 1362 2056 initium
1373 1985 1421 2054 vi·

246 2107 304 2175 dit.
338 2107 423 2178 Haec
443 2109 552 2172 autem
566 2123 654 2172 nunc
671 2124 729 2172 suo
748 2125 784 2174 se
795 2107 870 2192 jnre
885 2106 1129 2196 deformationis
1142 2107 1277 2195 antiquo
1290 2105 1424 2172 nomine
1509 2169 1510 2190 p

246 2226 349 2305 dixit,
380 2229 492 2318 utpote
517 2241 599 2309 quae
622 2241 662 2290 cx
684 2224 817 2292 moralis
836 2225 1034 2311 indigentiae
1057 2224 1145 2294 fonte
1171 2244 1301 2296 omnem
1327 2243 1423 2292 suam
1509 2217 1510 2256 ³

245 2345 404 2432 originem
424 2341 573 2420 traheba,
595 2341 694 2408 etiam
714 2343 830 2414 morali
849 2345 990 2412 maxime
1008 2344 1171 2414 Ecclesiae
1190 2343 1423 2413 insinuationi

246 2466 317 2552 ipsa
334 2483 370 2532 sc
382 2461 576 2529 destinatam
593 2459 763 2528 sentiebat.
796 2463 902 2530 Missis
923 2465 1010 2533 euim
1025 2463 1142 2532 ceteris
1162 2462 1423 2551 disputationum

245 2582 504 2670 dogmatioarum
528 2577 738 2665 ambagibus,
769 2580 1013 2669 profligatisque
1035 2599 1153 2668 magno
1175 2601 1312 2648 numero
1334 2581 1424 2650 vitas

244 2721 320 2770 rere
342 2699 543 2768 Christianae
565 2697 826 2786 impedimentis3
850 2700 1077 2768 clarisoontra
1096 2707 1129 2768 et
1150 2700 1333 2789 perspicuis
1348 2719 1422 2766 ver·

245 2820 296 2889 bis
322 2818 436 2890 salutis
459 2817 545 2884 viam
569 2817 603 2882 in
618 2815 679 2884 hoc
702 2835 767 2884 uno
790 2817 940 2884 omnibus
961 2826 1142 2888 monstrat:
1167 2819 1332 2898 ’Gratisa
1355 2821 1422 2888 Deo

244 2958 303 3026 per
336 2937 510 3028 repositam
545 2936 579 3000 in
602 2934 739 3010 Christo,
757 2935 854 3002 fidem
881 2935 1052 3012 hominem·
1065 2935 1280 3023 justificari’!
1327 2938 1421 3006 Hanc

244 3075 320 3124 vero
338 3054 446 3131 iidem,
466 3052 647 3140 simplicem
670 3052 759 3120 illam
779 3061 877 3140 atque
900 3054 1094 3141 practicam,
1117 3055 1164 3121 sic
1183 3056 1286 3142 ipsius
1309 3057 1421 3124 Euan-

179 3201 182 3208 ’
244 3174 320 3261 gelii
342 3190 419 3242 uoce
439 3170 586 3244 ‘vindicat
608 3178 641 3238 et
671 3171 897 3251 commendat,
932 3179 985 3248 ut,
1011 3191 1075 3238 non
1096 3192 1253 3240 novorum
1280 3174 1420 3261 Dogma-

246 3300 335 3366 tum‚
358 3288 417 3359 sed
436 3307 511 3356 vero
530 3288 635 3356 Novae
657 3289 750 3358 Vitae
769 3291 950 3358 innumeris
967 3290 1036 3378 jam
1048 3289 1142 3379 longe
1152 3290 1281 3378 lateque
1300 3293 1419 3362 ducem

243 3417 277 3478 et
299 3407 495 3484 effectricem
515 3427 549 3476 so
572 3415 724 3496 praestet,
1184 3385 1186 3392 ’

287 3651 342 3719 Sic
371 3651 475 3737 igitur
507 3650 673 3722 inchoavit
703 3650 900 3720 Reformatio
927 3649 1083 3718 moralem
1108 3649 1221 3730 illam,
1249 3669 1350 3738 quam
1383 3651 1418 3717 in

241 3785 298 3855 spe
309 3775 343 3834 et
361 3769 444 3836 votis
463 3766 618 3850 babebat,
640 3769 804 3840 Ecclesiae
825 3770 1093 3840 emendationem.
1141 3769 1329 3850 Curminus
1345 3789 1420 3857 per-

241 3884 355 3956 fecerit
386 3885 494 3966 illam,
529 3906 633 3976 neque
661 3890 730 3976 ipsa
762 3893 942 3978 perrexerit
965 3891 1044 3958 satis
1072 3888 1244 3976 Euangelii
1274 3887 1422 3958 indolem

240 4003 395 4075 moralem
417 4008 520 4073 tueri:
551 4007 612 4074 boo
631 4008 668 4076 Α.
682 4008 724 4076 ΑΙ
744 4015 859 4081 ‘nostro
881 4009 1042 4096 imprimis
1064 4015 1208 4096 tempore
1231 4006 1319 4086 baud
1340 4007 1423 4076 inu-

236 4123 296 4206 tile
318 4131 368 4190 est
391 4137 654 4197 commemorare.
748 4125 749 4128 ’

285 4241 522 4340 Reformatores
544 4246 719 4326 nimirum,
742 4244 898 4314 laudabili
915 4245 1120 4313 instituto'in
1142 4263 1241 4314 unam
1263 4242 1332 4311 vim
1357 4243 1422 4311 lte·
1507 4243 1508 4248 ’

239 4359 369 4448 ligionis
392 4365 568 4449 practicam
593 4365 730 4445 intenti,
754 4362 826 4430 illas
850 4363 1001 4462 continuo
1025 4365 1272 4436 vindicaverunt
1295 4362 1421 4430 doctri·
