3046 5036
692 379 736 457 51

133 603 194 674 qua
215 601 274 650 sua
293 579 401 650 omnia
420 582 591 666 praccepta
612 583 645 643 et
668 573 785 664 placita
808 573 922 656 ducat,
947 597 1092 668 quaeque
1115 577 1181 646 sola
1203 578 1305 646 omni-

130 703 193 770 bus
210 702 280 790 ejus
303 699 399 768 rebus
419 703 541 764 certam
563 695 702 764 indolem
726 701 759 761 et
782 693 1005 764 characterem
1030 697 1131 766 veluti
1154 697 1306 768 indelebi-

131 821 194 888 lem
214 819 347 888 trmuat

174 1057 335 1166 Equidem
361 1075 425 1164 non
447 1053 476 1120 is
498 1073 557 1139 ego
583 1069 674 1130 sum,
705 1051 761 1140 qui
781 1049 879 1140 hujus
907 1055 955 1122 rei
977 1055 1182 1144 indagatione
1203 1055 1308 1126 multa

131 1177 279 1244 multos
270 1155 432 1242 mvcnime
450 1169 617 1260 praeclara
636 1191 769 1259 negem
791 1171 855 1242 nisi
879 1173 1053 1254 modulati
1003 1175 1160 1244 muccis
1182 1173 1235 1244 bic
1254 1175 1309 1244 atl-

132 1296 254 1362 hibitae
275 1311 390 1360 sensus
422 1287 596 1357 admodum
626 1287 737 1356 rarius
764 1290 798 1356 in
835 1311 979 1359 errorem
1014 1292 1093 1360 alios
1122 1292 1231 1375 duxit,
1261 1295 1308 1363 sic

132 1414 223 1494 aliis,
248 1410 333 1500 quod
356 1409 497 1500 purioris
518 1407 683 1476 doctrinae
696 1407 827 1496 quidem
846 1417 919 1498 apte
940 1409 1004 1478 dici
1023 1412 1222 1502 principium
1239 1433 1309 1503 pos-

131 1541 201 1612 set,
236 1531 321 1598 idem
350 1536 383 1596 ct
417 1527 520 1616 ipsius
553 1525 804 1594 deformationis
833 1528 968 1616 ejusque
1001 1531 1173 1599 universae
1202 1533 1310 1600 visum

130 1651 254 1720 fuisset.
303 1647 393 1732 Quod
416 1665 494 1714 vero
516 1645 550 1711 in
574 1645 672 1712 unico
702 1646 842 1735 quodam
875 1645 1050 1717 Sacrorum
1081 1651 1311 1720 instaurationi

129 1767 321 1839 vindicando
350 1765 512 1856 principio
535 1761 725 1832 laborarunt
748 1766 1003 1856 quamplurimi,
1034 1769 1069 1835 in
1093 1789 1129 1837 eo
1157 1769 1311 1840 videntur

130 1889 212 1957 mihi
239 1888 383 1956 acumini
417 1905 476 1954 suo
504 1881 724 1972 philosophico
753 1891 811 1952 aut
835 1885 1025 1973 Theologico
1053 1889 1177 1976 potius,
1212 1913 1311 2012 quam
1393 1959 1397 1968 ,

129 2007 292 2074 Historiae
319 2004 473 2082 veritati,
495 2001 700 2070 satisfecisse.
748 2003 798 2070 Ita
831 2003 956 2072 factum
990 2014 1095 2087 cer,tc
1119 2016 1174 2087 ut,
1210 2001 1309 2098 quam

131 2142 231 2232 mam
249 2131 281 2191 ct
293 2141 479 2210 supremam
498 2118 617 2186 vellent
633 2119 906 2189 deformationem
926 2123 988 2190 sibi
1001 2123 1108 2226 legem
1125 2128 1310 2216 scripsisse,

131 2263 171 2312 ca
193 2261 263 2309 non
280 2253 298 2308 e
320 2239 470 2327 ddigcnti
494 2245 808 2324 rerumgestarum
823 2241 1065 2324 observatione,
1089 2244 1145 2312 sed
1165 2265 1204 2313 cx
1227 2247 1312 2335 ipso·

131 2379 207 2432 rum
228 2361 337 2451 potius
361 2365 446 2426 esset
468 2355 649 2424 rationibus
672 2357 798 2428 hausta.

176 2477 412 2565 Quamobrem,
441 2475 547 2543 factus
572 2475 691 2544 alienis
720 2481 875 2568 perieulis
905 2489 1040 2562 cautus,
1068 2503 1132 2550 non
1163 2505 1235 2554 meo
1259 2505 1312 2554 mc

127 2599 251 2693 judicio
270 2599 474 2667 committere
497 2594 595 2661 volui.
641 2595 749 2685 Ipsam
762 2579 966 2669 ‘audiendam
990 2603 1176 2672 existimavi
1199 2604 1310 2672 Sacro·

131 2739 205 2790 rum
225 2718 509 2793 instaurationem,
520 2713 559 2781 de
576 2733 611 2780 se
624 2713 804 2796 dicentem,
827 2717 968 2785 indolem
989 2697 1187 2786 indicantem
1199 2741 1310 2802 suam,

132 2815 274 2928 suaque,
305 2837 424 2926 quibus
455 2835 561 2901 omnis
584 2834 720 2914 nititur,
751 2835 912 2924 principia
943 2837 989 2903 ita
1019 2837 1254 2925 exprimentem
1278 2845 1310 2906 et

135 2959 371 3037 declarantem,
406 2961 445 3022 ut
473 2951 668 3019 dubitationi
703 2952 811 3020 locum
844 2951 927 3020 mihi
960 2953 1110 3022 uideatur
1139 2955 1310 3044 reliquisse

134 3078 270 3146 nullum.
319 3071 585 3151 ScilicetA.A.,
608 3071 659 3139 vel
686 3092 738 3139 me
761 3074 870 3178 omnia
890 3071 1025 3153 fallant,
1047 3071 1098 3140 vel
1125 3073 1159 3140 id
1180 3075 1312 3142 nomini-

48 3167 53 3176 ¹
133 3197 191 3262 lus
212 3195 277 3260 illis
300 3193 414 3260 fecisse
442 3188 603 3258 censenda
625 3197 695 3268 est,
727 3211 830 3278 quae,
854 3191 996 3279 antiqua
1012 3193 1154 3261 maxime
1178 3201 1211 3262 et
1238 3215 1310 3282 per·

131 3313 285 3400 uulgata,
309 3309 438 3376 anobis
462 3310 560 3376 etiam
584 3309 737 3396 usurpari
763 3310 881 3389 solent,
905 3311 1030 3398 quoties
1056 3311 1095 3379 dc
1116 3312 1311 3381 Instauratis

133 3432 250 3500 Sacris
272 3430 369 3498 verba
401 3429 550 3524 facimus.
597 3427 667 3494 Nun
701 3428 765 3496 ista
799 3430 931 3496 nomina
960 3427 1051 3509 volo,
1083 3451 1187 3518 quae,
1220 3435 1311 3500 varia

133 3551 378 3659 multumque'
369 3549 508 3616 mviccm
540 3545 602 3614 sibi
633 3547 795 3634 opposita,
827 3549 965 3637 singulis
988 3549 1060 3616 dari
1083 3549 1186 3616 solent
1172 3552 1311 3618 tseetis

133 3650 391 3739 Christianorum
407 3649 620 3776 familiisque,
645 3685 684 3732 cx
700 3667 823 3753 ingenti
843 3667 904 3734 hac
924 3669 1175 3737 commutatione
1195 3672 1310 3738 enatis.

131 3790 201 3857 lton
217 3767 488 3863 Luthcranorum,
503 3803 566 3850 nou
586 3784 845 3866 Galvinistarum,
866 3794 923 3854 aut
935 3807 1018 3874 quae
1038 3785 1101 3854 alia
1113 3789 1311 3870 multamus
1341 3817 1342 3820 ¹

134 3925 221 3976 nunc
248 3913 346 3986 sunt,
377 3905 445 3973 sive
468 3903 545 3970 olim
576 3901 729 3982 fuerunt,
754 3925 771 3970 e
799 3907 942 3992 partium
967 3905 1074 3973 studio
1105 3908 1213 3976 ducta.
1262 3909 1310 3977 lla

133 4045 210 4095 vero
234 4023 356 4114 appello
379 4025 521 4112 insignia
540 4029 572 4092 ct
589 4019 798 4092 celeberrima
821 4025 970 4104 nomina,
995 4047 1077 4114 quac
1099 4023 1183 4093 hanc
1203 4021 1311 4093 licelcss

134 4147 201 4213 siae
224 4146 426 4213 Christianae
449 4144 719 4211 instaurationem
743 4141 889 4210 indicant
911 4145 1116 4222 universam3
1140 4165 1222 4232 quae
1243 4145 1313 4234 ipsa

137 4263 198 4331 sssri
212 4283 251 4332 ex
274 4243 351 4333 suae
374 4263 491 4331 indolis
517 4283 613 4332 sensu
637 4271 670 4330 ct
693 4261 800 4330 veluti
817 4265 1014 4333 conscientia
1033 4264 1142 4340 dedit;
1166 4285 1312 4354 quaeque

135 4384 260 4451 uomina
289 4383 376 4454 haud
400 4383 505 4472 magis
525 4403 623 4472 quam
658 4385 760 4451 omina
789 4383 943 4465 dicenda,
972 4383 1212 4472 simplicissime
1240 4386 1310 4474 qui·

1037 4504 1082 4568 ,qr
