3046 5036
807 339 855 413 42

242 559 327 608 nnus
350 534 409 604 has
430 539 544 612 tenet,
574 537 607 599 et
630 529 821 600 mortalibus
842 529 884 600 ad
905 533 1047 622 ipsoram
1070 531 1209 602 salutern
1232 534 1422 608 occultaris
1505 593 1506 598 a

242 659 306 730 Sed
328 657 414 728 idem
436 655 525 724 Reus
544 651 636 721 nonu
655 649 844 722 umiutcn
867 651 957 722 dedit
978 649 1229 743 praeteritarum
1251 673 1365 726 rerum
1387 667 1422 728 et

237 777 461 870 praesentium
490 769 771 863 explorandorum.
817 771 860 840 lit
888 774 952 842 rite
982 781 1150 864 perspecta
1180 773 1336 844 hodierna
1358 773 1422 846 Rc·

240 897 358 966 ctesias
389 894 530 964 Graecae
549 889 758 973 conditione,
788 891 849 960 hoc
883 892 977 961 nobis
1005 891 1082 960 iicet
1115 899 1205 960 certo
1233 893 1420 974 affirmare:

241 1035 308 1084 non
327 1013 465 1103 amplius
487 1031 515 1080 a
536 1009 611 1082 loelli
634 1009 804 1101 cujusdam
835 1019 954 1080 eventu
977 1007 1126 1080 Divinam
1158 1009 1360 1101 Religionem
1386 1017 1421 1083 in

241 1131 461 1204 Orientalibus
480 1129 630 1221 Europae
655 1125 852 1220 tellurisque
878 1131 1038 1200 tractibus
1065 1131 1216 1221 pendere.
1259 1133 1345 1200 llum
1372 1132 1421 1201 vi·

242 1258 320 1344 gent
339 1252 437 1322 Russi
456 1251 595 1341 juvenili
617 1252 737 1340 vigona
785 1251 910 1319 Tenent
932 1253 980 1320 illi
1002 1261 1070 1320 tarn
1091 1253 1125 1320 in
1144 1249 1242 1331 Asia,
1265 1271 1366 1341 quarn
1387 1254 1423 1321 in

241 1375 372 1463 lluropa
411 1371 570 1440 latissime
603 1378 717 1460 patens
750 1361 941 1460 imperium,
999 1371 1165 1439 immunes
1198 1379 1276 1440 sunt
1305 1372 1422 1441 ¹iidem

241 1492 540 1584 praejudicatarum
568 1487 777 1579 opinionum,
809 1489 930 1578 quuidns
951 1487 1040 1557 omni
1071 1507 1150 1558 aeto
1180 1489 1340 1563 laborarit
1363 1493 1423 1562 Re-

238 1614 342 1682 elesia
364 1611 489 1678 hedua.
535 1609 578 1677 nt
600 1615 735 1698 possunt
757 1608 806 1675 illi
825 1616 862 1676 et
879 1607 994 1676 volunt
1015 1607 1233 1696 studentque,
1257 1626 1323 1678 una
1346 1629 1419 1679 cunt

243 1729 359 1800 (lodice
392 1729 509 1810 Sacro,
542 1727 742 1815 Religionem
772 1735 918 1796 nostram
948 1729 983 1795 ln
1013 1729 1250 1797 remotissimas
1279 1725 1421 1818 prolerre
1507 1733 1508 1818 ξ

243 1847 371 1920 telluris
393 1855 512 1938 partes.
1412 1901 1416 1906 .

290 1972 355 2039 Nec
377 1988 454 2038 vero
476 1966 643 2036 reticenda
667 1965 759 2034 nohis
784 1972 853 2046 est,
876 1965 911 2033 in
942 1965 1013 2054 ipsa
1034 1965 1191 2047 Graecia,
1222 1964 1424 2036 Universitas

243 2091 379 2169 donica,
403 2105 506 2177 quae,
537 2083 572 2153 in
595 2081 703 2153 insula
726 2086 883 2177 Corcyra,
903 2093 996 2154 extra
1028 2085 1209 2153 Turcarum
1229 2092 1424 2174 potestatem

245 2209 397 2289 condita,
426 2205 545 2277 studiis
569 2202 663 2274 lloret
684 2204 928 2283 humanitatis,
949 2199 1147 2294 optimarum
1171 2208 1314 2286 adnm,
1337 2207 1423 2275 Reii·

245 2325 362 2417 g'ionis.
409 2323 495 2394 nuni
517 2322 685 2412 proferunt
717 2323 816 2390 Russi
836 2322 879 2390 ad
908 2321 1020 2390 Sinam
1052 2323 1092 2391 ad
1115 2319 1308 2394 Amerleam'
1322 2343 1428 2414 usque

246 2445 412 2524 Ecclesiae
433 2443 581 2512 Rmacae
595 2441 691 2519 lines,
709 2437 787 2522 etc,
809 2442 845 2509 in
865 2441 925 2510 hac
948 2444 1018 2531 ipsa
1040 2439 1249 2513 celeberrima
1269 2439 1428 2518 Graeciae

247 2563 378 2644 insula,
404 2563 516 2632 lumen
538 2559 760 2628 doctrinarum
783 2551 927 2630 illustrat
950 2562 987 2628 in
1008 2557 1079 2630 dies
1102 2564 1208 2651 magis
1226 2563 1430 2650 Religionem

246 2684 425 2779 optimaml
447 2723 494 2740 -
515 2682 605 2750 ilaec
624 2687 673 2750 tot
696 2699 739 2748 ao
762 2686 852 2752 unta
870 2680 1156 2770 ,praeclarissimae
1178 2701 1314 2752 caussae
1335 2705 1426 2774 prae·
1468 2765 1470 2772 Ι
1509 2717 1510 2736 ι

246 2805 333 2874 sidia
355 2821 419 2872 non
442 2797 613 2890 finguntur
639 2801 788 2888 ingenio,
811 2819 876 2866 nen
896 2808 1088 2887 sperantur,
1111 2821 1176 2869 non
1208 2803 1423 2882 somniantur,

247 2924 343 3014 quasi
372 2919 511 2990 sortasse
537 2917 709 3008 aliqnando
743 2917 793 3000 pel
816 2917 1025 3006 prohabilrler
1058 2918 1190 3002 lutura,
1221 2923 1278 2992 sed
1309 2923 1428 2991 adsunt

166 3134 168 3138 .
249 3045 287 3115 ir.
300 3045 354 3112 Ati
380 3041 519 3120 adsunt,
542 3047 575 3108 et
597 3039 663 3106 nisi
681 3055 838 3125 ιιιιιειιιιιι
860 3044 987 3126 partem
1003 3037 1221 3138 jamdudum
1240 3041 1431 3121 affuissent,

249 3170 359 3230 tantos
380 3177 590 3249 progressus,
613 3163 753 3246 quantas
774 3155 851 3225 iecit
872 3155 933 3224 hoc
955 3159 1026 3246 ipso
1041 3157 1169 3240 uculo,
1189 3159 1316 3247 Religio
1338 3159 1430 3228 dhri-

148 3258 154 3268 ’
247 3281 357 3351 stiam
378 3274 466 3346 laud
485 3277 632 3346 lenissetl
749 3327 752 3334 .
824 3260 870 3334 .'

260 3449 264 3457 .
291 3395 387 3488 ,Ipsos
408 3413 486 3465 vero
507 3397 644 3466 Graecos
667 3398 828 3486 propitius
853 3397 940 3464 licus
965 3396 1140 3484 respiciat,
1171 3397 1354 3486 atquibus
1376 3413 1432 3466 ex·

248 3520 442 3588 cruciantur
464 3517 625 3596 miseriis,
647 3517 822 3596 eaediltus,
851 3517 1020 3605 martyriis
1033 3497 1181 3604 'henigne
1204 3513 1302 3585 'finem
1325 3519 1432 3606 impo-

252 3642 322 3708 nati
344 3653 494 3727 quaeque
515 3637 720 3724 generosiora
742 3635 813 3704 illos
844 3637 930 3703 inter
952 3633 1125 3704 eluxerunt
1146 3635 1278 3716 studia,
1302 3645 1432 3717 servet,

251 3753 434 3836 maestes,
457 3758 595 3844 augeat!
618 3795 664 3812 -
687 3756 742 3826 Sic
765 3758 799 3823 in
822 3757 892 3845 ipsa
915 3754 1047 3823 andem
1069 3757 1176 3846 patria
1198 3773 1259 3823 sua
1281 3753 1433 3822 meliores

252 3875 363 3945 rideat
381 3875 450 3946 dico
471 3874 617 3944 Ecclesia
637 3876 776 3944 Graecei
802 3877 956 3965 Quaeque
977 3877 1011 3942 in
1028 3873 1166 3943 summis
1186 3877 1259 3943 istis
1278 3874 1434 3943 Graeciae

138 4079 140 4084 ,
252 4007 322 4066 tam
344 3991 510 4063 diuturnis
535 3995 722 4075 aerumnis,
745 3997 913 4084 antiquam
937 3996 1067 4064 Graecis
1094 4004 1127 4064 et
1154 3996 1300 4082 lingnam
1325 4011 1434 4061 serva-

253 4119 302 4185 rit
319 4124 352 4185 et
372 4115 571 4203 Religionem
590 4122 623 4183 et
642 4114 802 4182 lilrertatis
825 4111 924 4180 simul
944 4133 1087 4184 amorem
1105 4123 1139 4184 et
1157 4107 1437 4202 expectationum

255 4229 334 4307 haec
353 4237 488 4325 dignum
507 4235 588 4303 illud
608 4255 709 4303 curae
725 4252 803 4302 suae
825 4232 956 4300 tandem
978 4229 1119 4322 pretium
1139 4234 1240 4312 ierat,
1264 4239 1322 4313 ut,
1346 4229 1435 4320 quod

255 4364 395 4426 testatur
414 4358 552 4437 Russia,
576 4355 661 4444 quod
678 4355 822 4442 loquitur
838 4353 931 4434 Asia,
953 4353 1102 4441 quodque
1117 4354 1177 4424 hac
1192 4353 1337 4420 oratione
1359 4371 1435 4440 pro-
