3046 5036
701 359 751 432 ¹13

126 554 203 624 tare
233 548 382 640 equidem
418 547 551 628 studui,
586 547 672 619 mom
702 551 773 640 ipsa
798 549 970 639 aliquando
1003 553 1138 624 tirannio
1167 553 1299 624 dooeat:

30 769 38 784 .
127 671 305 746 Eeolesiom
327 669 477 740 Graecam
493 669 631 742 Mane
653 689 720 738 erse
741 669 960 740 Providentiae
978 677 1111 740 ostent

173 1029 237 1100 Sed
260 1045 373 1102 vereor
392 1027 430 1098 Δ.
443 1027 502 1107 A„
525 1046 567 1096 ue
586 1027 676 1115 justo
694 1027 728 1094 in
746 1026 837 1096 hisee
858 1026 987 1116 longior
1004 1027 1091 1099 flam.
1137 1029 1245 1114 Quare
1259 1049 1306 1100 eo

127 1152 278 1230 veniam,
301 1171 365 1240 quo
393 1168 456 1218 non
480 1147 546 1216 mei
564 1145 659 1216 modo
677 1143 775 1214 offleii
795 1145 904 1225 ratio,
919 1146 987 1216 'sati
1001 1149 1071 1237 ipsa
1093 1148 1218 1228 dodum
1237 1152 1305 1219 aui·

128 1288 203 1340 mus
219 1277 324 1340 voeat.
371 1269 589 1356 Reputautem
609 1265 696 1334 erim
720 1263 798 1356 quid
822 1267 882 1345 sit,
906 1266 992 1354 qnod
1011 1268 1307 1358 in'amplissimnm

129 1389 257 1458 hunone
279 1404 338 1475 epo
357 1387 479 1456 iterum
497 1383 608 1454 looom
626 1385 857 1472 pronomem,
880 1387 1088 1474 gratissimus
1105 1389 1305 1477 meperlun·

131 1506 180 1580 dit
202 1507 304 1577 aoiml
331 1525 467 1582 sensas,
490 1523 587 1592 quem
606 1503 709 1591 pietas
724 1501 838 1590 jubet,
862 1511 900 1572 ut
926 1505 1018 1574 rolris
1035 1507 1308 1577 testificerPeril·

130 1626 252 1696 lustres
270 1625 370 1716 hujus
391 1622 586 1692 Academiae
607 1622 796 1690 Curatores!
820 1622 876 1710 qui
901 1621 1029 1712 Optimo
1053 1627 1134 1715 Regi
1160 1645 1312 1698 suasores

131 1743 259 1826 inistis,
283 1753 342 1824 ut,
373 1763 488 1832 queam
519 1749 596 1810 ante
618 1740 677 1808 hos
707 1747 847 1828 quattuor
870 1761 988 1824 annos,
1012 1746 1047 1812 in
1071 1766 1126 1814 me
1155 1745 1312 1816 honorem

133 1863 270 1944 detulit,
293 1862 444 1934 eumdem
461 1879 552 1931 inune
570 1868 639 1929 tam
662 1860 834 1947 insigniter
855 1869 988 1931 anetum
1011 1863 1117 1932 vellet.
1141 1903 1188 1916 --
1209 1865 1310 1954 Equi-

135 1983 210 2050 dem
229 1983 333 2050 sentio
350 1980 488 2050 arduam
505 1998 577 2048 ¹esse
600 1997 638 2044 ae
655 1975 775 2046 laboris
793 1989 827 2046 et
849 1981 985 2066 periouli
1004 1981 1132 2069 plenem
1152 1985 1313 2071 prouinci-

137 2121 209 2178 am,
234 2117 332 2188 quam
349 2097 540 2186 suseepi3'et
554 2095 725 2168 tenuitatis
744 2098 893 2164 onnsoius
907 2117 1015 2180 meae,
1031 2109 1064 2168 et
1079 2101 1197 2188 quibus
1211 2123 1313 2190 quan·

134 2220 243 2308 lisque
254 2226 312 2286 aut
328 2217 501 2288 suoeedam
517 2235 576 2302 ego
592 2220 650 2282 aut
661 2233 833 2282 aeoensear
847 2211 931 2284 ¹viris
947 2220 1172 2304 considerans,
1195 2241 1312 2310 parum

134 2337 242 2418 abeat,
266 2337 346 2424 quin
364 2337 399 2407 in
411 2335 472 2404 hae
484 2337 554 2423 ipsa
565 2332 719 2402 lelioitate
734 2353 807 2402 mea
818 2336 924 2404 tristis
935 2345 968 2405 et
986 2339 1088 2408 utimr
1101 2337 1244 2426 jaeonml
1268 2379 1315 2401 ..-

136 2457 259 2526 Verum
283 2455 401 2524 adsunt
423 2475 506 2542 quae
524 2453 715 2544 depressum
738 2452 867 2542 erigant
888 2461 921 2524 ot
944 2445 1128 2528 sustentent
1147 2461 1314 2530 animum!
1377 2536 1380 2540 ,

138 2575 292 2664 Superest
311 2575 462 2664 inprimis
479 2573 705 2659 bauigniesimi
727 2573 881 2660 eogitatio
898 2575 974 2656 Ilei,
997 2597 1095 2665 quem
1113 2581 1164 2646 uti
1178 2579 1314 2648 auxilia-

137 2703 242 2764 torem
265 2692 394 2773 adhue,
418 2689 615 2763 intonandi
638 2692 737 2760 etiam
763 2709 921 2773 munere,
951 2702 1106 2782 arpertus
1126 2697 1202 2764 snm
1226 2696 1316 2788 Opti·

139 2833 248 2890 mum;
272 2815 319 2882 ita
337 2811 437 2892 milri,
461 2811 496 2878 in
512 2810 719 2888 sanatisslma
738 2829 853 2881 eauosa
867 2831 951 2899 quae
969 2813 1004 2880 in
1019 2832 1073 2880 me
1085 2821 1165 2882 aunt
1183 2817 1318 2902 ponenti

143 2933 271 3012 omnia,
293 2949 398 3020 neque
422 2931 456 3000 iu
479 2936 645 3018 posterum
669 2929 858 2998 defuturum
882 2938 915 2998 et
939 2948 1032 3020 spero
1054 2939 1089 3000 ot
1111 2933 1271 3067 confido.¹
1271 2973 1317 2990 --

140 3169 274 3250 derint,
292 3170 431 3258 quibus,
454 3183 534 3255 quas
556 3165 678 3246 habeo,
701 3168 825 3254 gratias
846 3169 936 3238 rolris
958 3171 1039 3238 satie
1055 3170 1319 3250 testimonum

140 3297 252 3358 tamen
273 3287 473 3356 voluntatem
497 3284 608 3354 deesse
626 3285 969 3370 maximesiuoeram,
992 3288 1145 3360 atlantis
1167 3287 1318 3378 probam,

142 3405 258 3495 quanti
276 3411 418 3484 vestram
436 3403 486 3474 de
499 3423 552 3474 me
574 3406 848 3494 exsp'eetationem
870 3406 1009 3500 taniam,
1032 3417 1067 3476 et
1084 3429 1162 3477 uero
1182 3415 1319 3497 quanto-

141 3545 219 3618 pere
244 3523 317 3594 talin
335 3525 406 3594 lieri
429 3525 578 3604 annitar,
602 3524 729 3614 qualem
748 3541 803 3594 mo
829 3533 941 3596 saneta
962 3528 1139 3615 Religionis
1157 3536 1190 3596 et
1207 3526 1325 3595 lloele
1366 3603 1377 3622 ,

142 3645 211 3714 siae
228 3665 360 3726 caussa,
384 3644 573 3732 disciplinae
586 3651 683 3733 quum
698 3646 852 3737 profiteor
865 3637 1139 3726 emolumentum,
1161 3644 1325 3770 hoiolauoa

143 3764 283 3852 nonique
297 3761 444 3831 Palladis
471 3762 573 3848 gloria
594 3763 773 3850 postulanti

191 3880 255 3950 Seol
275 3887 309 3949 et
329 3901 384 3948 vos
407 3880 488 3950 mihi
514 3880 634 3948 adeslls
652 3881 698 3948 ul
720 3883 912 3972 Theologiae
934 3885 1152 3956 Professoresl
1176 3827 1323 3974 colegno

145 3999 420 4088 eonjunetissimil
468 4001 550 4072 Nam
573 4009 716 4069 vestram
736 4003 765 4068 si
787 4003 968 4075 doctrinam
995 4011 1052 4076 aut
1072 4008 1213 4076 nominis
1239 4004 1319 4072 oele

146 4119 300 4188 britatem
328 4119 429 4187 solam
448 4131 647 4209 spectarem,
670 4123 732 4190 etsi
758 4123 838 4190 satis
861 4122 1011 4196 hebonem
1035 4126 1120 4216 quod
1143 4127 1177 4192 iu
1200 4121 1321 4192 madio·

148 4241 264 4308 oritate
287 4238 449 4310 measure
479 4241 625 4308 animum
649 4239 899 4330 desponderem;
923 4245 1003 4312 illud
1032 4253 1141 4312 tamen
1165 4243 1200 4309 in
1222 4240 1319 4310 lelloi·

148 4359 226 4431 tatis
248 4379 338 4430 meae
358 4359 444 4429 haud
468 4359 580 4431 infima
600 4367 691 4452 parte
714 4381 812 4452 pono,
837 4363 929 4454 quodx
945 4363 1087 4432 salutare
1104 4367 1165 4430 'vos
1185 4361 1323 4450 eollegas
1424 4372 1427 4382 ·
