3046 5036
798 331 844 404 10

232 535 311 597 runt
333 525 500 594 doctrinae
519 521 729 590 Christianae.
776 523 818 590 nt
839 523 933 611 cujus
953 521 1163 596 fundamenta
1187 527 1341 618 Origenes
1360 533 1413 620 J'e·

232 653 323 716 cerat
335 643 525 731 Theologiae
543 639 798 729 philosophicae,
820 639 899 711 baec
921 645 1042 712 sensim
1061 646 1212 738 deinceps
1229 650 1276 718 ita
1292 658 1341 719 est
1354 671 1411 720 ex·

231 765 335 844 culta,
357 771 395 831 nt
414 759 553 830 aedilicii
576 761 680 828 instar
698 769 888 849 exsurgeret
902 769 936 829 et
955 763 1170 852 plurimorum
1190 776 1301 857 postea
1320 771 1412 858 inge·

231 885 287 952 nia
298 881 481 950 adverteret
491 885 589 968 atque
600 887 775 948 exerceret.
806 878 926 962 Quodsi
943 881 1018 952 lites
1034 886 1227 974 respicimus
1238 895 1271 956 et
1282 896 1411 956 contro-

232 997 533 1088 sensissqnaeboc
545 999 789 1088 omnitempore
802 998 957 1068 Graecam
970 1005 1206 1073 conturbarunt
1218 1005 1411 1088 llcclesiam,

232 1117 551 1199 ilonarcbianorum‚
569 1119 775 1198 Arianorum,
793 1117 1113 1208 Apollinaristarum,
1132 1123 1411 1206 Nestorianertun‚
1517 1197 1518 1200 ,

232 1237 543 1328 blonopbysitarnm:
556 1255 712 1326 negemus
723 1235 828 1316 facile,
840 1235 906 1304 ullo
914 1243 1059 1327 tempore
1070 1241 1295 1310 vehementius
1305 1251 1410 1312 secta·

231 1365 283 1427 tos
302 1377 372 1426 esse
391 1356 592 1425 Christianos
610 1355 826 1426 ratiocinandi
845 1355 1096 1446 disputandique
1115 1359 1340 1428 subtilitatem.
1517 1343 1518 1354 ¹

276 1472 415 1545 linitum
431 1495 508 1544 sane
523 1475 628 1555 abest,
651 1483 689 1546 ut
701 1475 932 1564 perveniretur
952 1476 999 1544 ita
1016 1476 1058 1544 ad
1077 1497 1209 1546 auream
1225 1478 1314 1548 illam
1327 1480 1408 1548 sim·

232 1597 429 1686 plicitatem,
452 1594 517 1681 qna
540 1594 663 1674 mirum
686 1594 719 1659 in
743 1591 876 1660 modurn
899 1613 935 1661 se
957 1594 1049 1664 nobis
1068 1596 1273 1665 commendat
1295 1596 1410 1686 religio

231 1714 425 1784 Christiana.
449 1711 682 1778 Verumtamen
698 1697 782 1800 quee
798 1714 940 1782 maximo
959 1711 1074 1782 ardore
1091 1722 1172 1783 tunc
1182 1716 1410 1784 tractabantur
1517 1761 1518 1788 t

231 1833 404 1920 dogmata,
435 1830 567 1918 propius
597 1827 677 1898 baec
712 1839 900 1920 spectarunt
927 1851 997 1900 rem
1034 1832 1275 1914 Christianam,
1308 1853 1411 1922 qnam

232 1973 316 2043 quae
347 1950 465 2039 agitari
496 1947 537 2016 ab
564 1947 777 2018 orientalibus
800 1949 954 2018 solebant.
1001 1951 1095 2020 Haud
1122 1954 1169 2020 ita
1191 1952 1412 2040 quaerebatur
1517 1959 1518 1964 ’

231 2073 272 2143 de
294 2070 457 2140 coelorum
481 2087 639 2149 numero,
662 2067 703 2137 de
725 2068 922 2158 Angelorum
944 2071 1141 2139 anctoritate
1161 2077 1194 2138 et
1214 2069 1411 2154 honoribus,
1440 2071 1443 2078 '

231 2192 274 2262 de
295 2187 456 2259 A‘eonibus
478 2195 513 2257 et
535 2186 733 2266 Pleromate;
755 2207 869 2258 verum
892 2187 1116 2258 referebantur
1138 2189 1206 2259 lere
1228 2188 1411 2278 disquisiti-

137 2311 142 2316 ’
230 2331 309 2381 ones
331 2327 443 2377 omnes
462 2305 626 2395 adipsum
647 2305 864 2392 osdotpeeroo,
888 2308 982 2396 eujus
1004 2308 1147 2380 divinam
1167 2308 1412 2400 humanamque

232 2436 384 2498 naturam
403 2425 572 2514 explorare
590 2424 779 2494 nitebantur
797 2425 886 2494 omni
908 2425 1016 2495 studio
1036 2434 1070 2496 et
1091 2427 1235 2497 delinire.

227 2630 230 2635 ⁵
278 2671 372 2738 Patet
394 2667 441 2734 ita
467 2663 580 2744 nobis,
603 2663 640 2731 Α.
664 2665 705 2735 Α.
729 2665 824 2732 utin
847 2664 1006 2753 singulari
1035 2683 1164 2754 quoqne
1185 2666 1336 2747 bomine,
1356 2669 1405 2734 sic

231 2793 266 2860 in
285 2787 543 2857 Christianorum
561 2783 690 2873 placitis
707 2771 741 2850 et
758 2781 1055 2871 disquisitionibus,
1078 2784 1268 2874 phantasiae
1283 2783 1406 2854 lusibus

232 2892 427 2979 successisse
456 2899 672 2972 ratiocinandi
702 2900 916 2989 diligentiam.
962 2901 1054 2985 Quod
1084 2911 1194 2973 autem
1224 2903 1407 2973 observast-
1515 2977 1516 3012 ,

231 3047 327 3106 mus,
350 3025 427 3093 binc
450 3022 517 3090 iere
539 3019 713 3109 procedere
732 3015 896 3088 hominem
920 3020 960 3089 ed
977 3021 1135 3090 rationem
1155 3025 1409 3113 pragmaticam,
1515 3015 1516 3090 l

231 3164 315 3235 quae
337 3143 437 3210 tricas
459 3139 531 3206 illas
552 3139 664 3207 mittat
686 3145 720 3207 et
742 3138 852 3226 spinas
875 3138 1153 3228 disputationum,
1176 3143 1277 3210 vitam
1291 3149 1409 3211 'autern

230 3269 356 3353 spectet
384 3277 592 3328 communem
617 3265 650 3327 et
677 3257 870 3338 utilitatem,
902 3257 999 3339 baec,
1029 3260 1064 3326 ni
1094 3258 1255 3339 tollimur,
1285 3257 1410 3348 ingenii

231 3379 367 3450 humani
398 3379 596 3467 progressio·
611 3379 644 3445 in
679 3377 824 3448 Ecclesia
857 3378 1004 3446 cernitur
1032 3378 1157 3446 batina.
1205 3363 1313 3446 llinns
1342 3379 1409 3448 illie

232 3499 472 3587 investigentur
493 3517 546 3566 res
565 3496 770 3566 sublimiores
792 3504 826 3564 et
848 3495 993 3575 divinae,
1016 3496 1138 3584 majore
1157 3498 1259 3565 animi
1275 3506 1407 3568 conten·

231 3622 319 3690 tione
338 3619 378 3688 de
396 3617 494 3687 rebus
509 3615 703 3704 disquiritur
721 3601 883 3684 bumanis.
918 3615 965 3682 lte
980 3615 1099 3682 natura
1118 3616 1228 3704 agitur
1246 3616 1410 3699 humani,

231 3739 272 3807 de
295 3728 366 3827 ejus
388 3737 614 3826 corruptione,
638 3733 678 3802 de
703 3733 805 3802 libero
827 3733 968 3802 bominis
990 3733 1134 3802 arbitrio.
1181 3735 1275 3804 llaud
1304 3738 1408 3807 Theo·

230 3857 316 3945 logia
339 3854 406 3924 illic
423 3863 481 3923 aut
502 3854 715 3942 cbristotogia
738 3861 833 3922 aetite
851 3854 1040 3943 exponitur;
1062 3873 1283 3922 summovere
1299 3855 1409 3924 studio

231 3977 272 4046 de
291 3973 436 4043 moribus
455 3977 624 4064 quaeritur
642 3971 807 4063 regundis.
853 3971 923 4040 Non
943 3972 976 4041 id
995 3973 1137 4041 manime
1152 3973 1321 4044 hominurn
1338 3977 1408 4042 ani·
1512 3999 1513 4020 t

232 4087 302 4164 mos
324 4103 414 4163 tenet
437 4103 469 4162 et
499 4094 689 4182 quaeritur,
712 4102 771 4173 nt,
794 4087 872 4182 quid
899 4090 939 4159 de
961 4092 1214 4162 abtsrusioribus
1240 4093 1409 4166 doetrinae

231 4216 379 4308 partibus
407 4211 603 4283 credendum
630 4214 674 4280 sit
696 4221 878 4290 statuatur;
899 4211 957 4282 sed
977 4233 1053 4280 vero
1075 4221 1112 4282 ut
1132 4220 1261 4300 pateat,
1284 4215 1363 4304 quid
1388 4238 1408 4284 e
1511 4231 1512 4236 ’

232 4309 396 4423 religionis
415 4335 542 4423 placitis
562 4333 684 4404 bomini
703 4331 863 4424 agendum
884 4325 927 4402 sit
945 4353 983 4402 ac
1007 4331 1246 4422 praestandum.
1281 4333 1330 4402 Ad
1345 4333 1409 4402 llc-
