3052 5028
669 315 718 390 63

163 516 205 582 nt
223 533 335 582 vereor
353 531 394 578 ne
420 511 496 591 alii,
523 511 627 597 iisque
649 506 890 597 prudentiores,
914 505 1009 575 aliter
1028 505 1123 594 longe
1142 525 1293 595 praesen·

118 639 185 702 tm]
209 631 372 700 boolesim
392 629 607 718 bosogonus
623 627 841 696 conditionem
860 626 928 692 sint
939 625 1130 714 indutui.
1178 626 1295 716 Super·

118 756 195 818 sunt
222 750 364 831 seiiioet,
387 752 478 818 novis
499 749 580 818 rdeo
603 747 728 815 viribus
754 752 913 833 surgunt,
934 746 1065 814 nomine
1087 745 1295 834 Euangelini,

118 875 152 936 nt
171 885 266 938 suem
285 879 396 938 'rerum
413 869 599 938 divinornm
615 863 979 952 dootrinuoqne'sointis
997 871 1126 934 nostroe
1139 865 1302 934 notitiam

117 1005 158 1058 ex
186 987 288 1056 nuliis
306 1009 372 1056 non
391 989 531 1058 turbidis
553 985 668 1058 ridelis
687 986 796 1075 potius
818 1000 916 1072 quom
943 985 1105 1073 exipsius
1124 985 1301 1074 euangelii·

58 1103 64 1108 ’
118 1105 207 1174 iente
225 1107 359 1176 haurire
378 1109 531 1177 nitentes.
577 1107 696 1174 Gontrn
711 1122 788 1172 vero
807 1103 912 1192 ipsum
930 1101 1108 1171 mutorum
1125 1105 1296 1174 subtiliss-

119 1247 211 1295 mnm·
235 1227 326 1294 ibam
349 1228 386 1293 in
411 1225 530 1294 Libris.
544 1223 576 1292 S.
595 1221 821 1312 explorandis,
843 1221 1118 1311 interpretandis,
1141 1223 1298 1294 othibon·

121 1344 240 1432 disque
262 1363 376 1412 euram
398 1351 432 1412 et
450 1342 716 1423 sollicitudinem,
740 1343 786 1409 ita
807 1361 867 1410 sue
886 1342 958 1410 viee
979 1342 1182 1410 inertrema·
1197 1345 1296 1410 ruere

120 1461 174 1529 bis
193 1464 274 1551 ipsis
293 1463 407 1532 diebus
422 1462 584 1541 uidimus,
598 1469 654 1541 ut,
671 1460 756 1549 quod
774 1461 891 1530 Srurm
910 1460 1011 1538 dixit,
1031 1461 1064 1529 id
1078 1481 1137 1530 suo
1153 1461 1304 1551 exn-plo

117 1580 387 1668 comprobarent:
421 1581 523 1647 »nibil
545 1580 692 1646 odibilius
714 1599 780 1646 osse
806 1579 998 1660 subtilitate,
1025 1580 1081 1646 ubi
1104 1580 1187 1646 uiuit
1209 1580 1302 1648 aliud

116 1706 165 1764 est
182 1718 279 1784 quum
301 1697 492 1764 motilitas?
537 1696 678 1766 Novistis
700 1698 787 1765 enim
809 1697 1024 1779 Critioornm,
1047 1699 1076 1765 si
1098 1699 1156 1766 bis
1173 1699 1301 1788 pirum,

117 1814 361 1904 Interpretnm,
380 1808 420 1883 eo
439 1833 542 1904 nsque
569 1815 664 1884 bodie
686 1817 879 1905 processisse
901 1817 1141 1896 temeritatem,
1165 1827 1203 1888 ut
1225 1826 1297 1888 tum

122 1936 264 2002 maxime
290 1934 462 2002 rideantur
485 1935 547 2002 sibi
578 1954 714 2002 suorum
742 1934 891 2001 laborum
917 1933 1047 2004 fruetus
1075 1936 1212 2016 tulisse,
1242 1938 1298 2006 nbi

122 2053 258 2122 Suorum
277 2054 426 2122 Codioem
443 2074 507 2122 non
524 2060 640 2121 sonent
657 2052 714 2121 sed
732 2060 900 2130 omnesne
923 2054 979 2122 ubi
998 2055 1182 2144 Apostolos,
1198 2055 1302 2125 bonos

117 2173 237 2262 quippe
256 2173 420 2254 homines,
444 2173 527 2240 bonu
550 2172 633 2252 fide,
656 2171 781 2240 fabulas
803 2191 953 2240 narrasse
975 2172 1219 2252 demonstrent;
1242 2174 1299 2243 ubi

115 2291 229 2360 bivini
259 2291 340 2360 aden
364 2292 573 2381 sospitatoris
603 2311 673 2398 non*
699 2291 767 2360 nisi·
793 2293 934 2380 speeiem
965 2292 1058 2360 nobis
1085 2293 1299 2384 umbramque

112 2409 313 2500 relinquunt.

124 2699 127 2705 ,
161 2648 232 2718 Hoc
254 2655 406 2736 'superest
425 2649 464 2716 Α.
488 2648 541 2714 nt
574 2667 614 2714 ne
641 2666 699 2714 nos
727 2642 880 2734 quidem,
914 2645 975 2714 bno
1004 2649 1106 2716 nostri
1142 2650 1297 2737 temporis

115 2767 292 2846 soliditate,
315 2773 436 2834 metam
447 2766 516 2854 jam
534 2785 604 2833 esse
619 2765 803 2846 adsecutos,
826 2782 930 2852 neque
947 2761 1128 2834 outnmnut
1147 2787 1298 2836 eonsnmu

117 2893 242 2954 mamm
257 2899 407 2953 naussum
423 2905 511 2966 esse,
535 2905 634 2974 qurum
653 2884 906 2963 Reformatores,
929 2883 970 2951 nd
988 2885 1204 2976 Euangeiium
1223 2907 1297 2976 pro-

121 3011 289 3098 uocantes,
311 3004 374 3072 sibi
397 3013 506 3074 monte
526 3010 774 3094 proposuerunt.
821 3003 890 3070 Non
914 3003 1156 3073 subsistendum
1175 3006 1297 3092 igitur,

116 3122 239 3192 nedum
263 3122 496 3204 definiendum,
519 3123 576 3191 sed
589 3143 726 3212 ‘semper
743 3122 978 3211 proficiendum
1001 3126 1065 3192 erit
1083 3125 1118 3191 in
1136 3124 1238 3192 libere
1260 3133 1298 3192 nt

116 3241 264 3310 modesto
295 3241 327 3310 S.
357 3243 542 3312 biterarum
565 3242 775 3331 inquisitione
798 3250 831 3310 et
853 3261 939 3310 usu:
962 3245 991 3312 si
1016 3243 1164 3312 velimus·
1179 3242 1297 3311 saltem

40 3367 50 3382 ’
118 3359 353 3449 Euespedieum
382 3361 464 3428 iiind
494 3361 737 3451 Resonuntiout‘t
756 3361 948 3450 pmuoipt'um
977 3367 1119 3430 servaro
1138 3361 1250 3430 nobis',
1263 3368 1297 3430 et

116 3486 231 3546 sancte
251 3480 365 3548 colere.
411 3480 493 3548 Nam
519 3479 550 3547 S.
575 3480 724 3550 Gndieem
744 3489 778 3548 et
804 3480 1020 3568 Euangelium
1041 3481 1200 3560 maximo,
1230 3501 1298 3552 non

115 3597 214 3666 modo
245 3619 429 3687 supremam
456 3599 560 3688 legem
589 3609 621 3668 et
641 3616 790 3668 normam
814 3599 958 3680 babere,
977 3599 1032 3668 sed
1056 3608 1184 3668 vernet
1207 3602 1295 3670 inex-

116 3715 286 3786 burnstum·
309 3717 453 3800 iontem,
491 3719 577 3787 unde
611 3719 726 3786 solutis
756 3727 885 3787 nostroe
917 3719 1098 3787 doctrinam
1128 3721 1295 3810 puriorem

116 3845 277 3925 perpetuo
304 3845 401 3926 utque
431 3838 603 3906 certiorem
630 3846 798 3926 potamum
821 3839 917 3908 unde'
931 3840 1120 3910 nutriamur
1145 3843 1297 3930 inprimis

115 3963 147 4024 ot
171 3957 419 4026 corroboremur
449 3954 490 4023 ad
512 3956 640 4026 beatam
668 3965 701 4025 et
729 3957 899 4028 coelestem
926 3960 1047 4032 sitnm:
1080 3963 1139 4030 boo
1163 3961 1295 4029 demum

117 4076 283 4165 signifieat
306 4076 537 4165 Eunupeb‘oum
555 4099 634 4148 esse.
