3052 5028
685 361 735 436 93

125 583 210 632 mem
240 551 348 642 iilam,
386 577 460 626 cum
496 557 591 626 Patre
622 552 881 643 conjunctionem
908 546 1022 616 rimari
1061 563 1119 612 nos
1149 547 1297 630 cogeret,

125 683 180 756 scd
193 691 230 752 ut
251 703 309 750 uos
325 697 520 769 quoqueper
539 696 614 746 eum
634 695 705 744 csse
720 689 812 762 posse
828 669 911 757 filios
932 665 993 732 Dei
1012 661 1150 734 doceret.
1172 701 1218 712 —
1241 660 1298 728 lle·

126 802 347 870 surrectionem
376 820 409 865 sc
438 799 593 886 citamque
626 793 790 886 probavit,
821 805 885 855 nou
909 793 946 854 ut
969 783 1154 854 tutomrum
1188 797 1300 848 rerum

127 927 249 988 certam
281 917 372 986 nobis
396 915 640 1005 absolutamque
668 913 817 982 notitiam
843 905 1046 994 impertiret,
1068 901 1125 970 scd
1155 909 1193 970 ut
1215 899 1301 966 vitae

125 1036 273 1106 coelestis
285 1056 343 1104 nos
363 1056 419 1124 spe
442 1046 474 1104 et
495 1035 718 1124 expectatione
742 1029 896 1098 firmaret.
910 1023 1045 1090 -liidc
1067 1041 1125 1088 nos
1140 1039 1215 1088 eum
1235 1035 1301 1086 am·

125 1155 223 1245 plecti
239 1153 357 1232 voluit,
379 1173 443 1220 non
456 1161 493 1220 ut
505 1153 600 1239 longe
616 1154 699 1222 scrie
714 1157 805 1220 certa
818 1143 994 1236 quaedam,
1006 1143 1060 1208 vix
1072 1136 1302 1226 intelligibilia,

127 1273 219 1342 nohis
240 1269 399 1340 credenda
411 1271 596 1359 injungeret
617 1270 846 1339 Doctrinarum
858 1271 955 1352 atquc
978 1259 1069 1330 bidei
1091 1259 1223 1348 Capita,
1246 1253 1303 1326 scd

129 1397 167 1460 ut
180 1409 238 1458 nos
254 1391 341 1479 ipsos
361 1409 473 1458 omnes
497 1389 641 1458 addictos
660 1386 722 1456 sibi
741 1406 778 1454 ac
800 1382 1080 1476 conjunctissimos
1099 1375 1257 1448 redderet.

174 1627 242 1696 Hac
270 1634 379 1696 autem
409 1630 461 1696 via
487 1634 698 1718 praeeuntem
723 1623 898 1694 bominum
920 1621 1025 1692 monti
1048 1625 1127 1690 sunt
1149 1619 1219 1706 ejus
1242 1614 1304 1683 dis·

127 1746 227 1837 cipuli
251 1754 285 1815 ct
309 1745 462 1835 Apostoli.
498 1785 544 1798 ·-
578 1749 625 1818 Ile
648 1745 766 1816 ceteris
791 1742 942 1831 quidem,
965 1762 1005 1810 ex
1028 1740 1130 1828 ipsius
1164 1734 1305 1824 discipli·

9 1917 14 1926 .
126 1886 169 1933 na
200 1865 370 1953 proiectis,
405 1867 541 1934 novistis
564 1867 601 1934 A.
626 1867 682 1944 Α.,
717 1881 815 1952 quam
847 1860 956 1928 nativi
991 1860 1132 1938 ratione,
1160 1847 1318 1926 omnem?

128 2001 192 2070 que
224 1989 410 2050 aversantes
441 1981 653 2052 subtilitatem
682 1980 918 2068 dogmaticam,
949 1977 983 2044 hi
1012 1964 1202 2065 simplicem'
1216 1975 1305 2044 illam

128 2101 278 2188 vitaeque
309 2099 550 2169 accomodatam
582 2097 705 2166 Christi
738 2095 976 2167 institutionem
1011 2095 1045 2160 in
1076 2095 1208 2182 scriptis
1237 2093 1307 2162 suis

125 2219 252 2308 singuli
274 2217 434 2300 referant,
459 2219 554 2288 itaut
577 2215 688 2286 codem
701 2216 777 2303 jure
800 2210 970 2301 Apostolus
990 2213 1110 2281 amoris
1130 2213 1307 2292 lohannes,

128 2339 197 2428 spei
219 2338 354 2418 Petrus,
377 2338 463 2406 vitae
479 2335 597 2425 probae
614 2335 752 2405 iacchus
764 2332 908 2412 dicatur,
934 2351 998 2419 quo
1014 2331 1095 2400 solet
1114 2331 1189 2401 fidei
1206 2333 1306 2422 Apos-

128 2455 215 2528 tolus
238 2455 306 2526 iere
328 2455 448 2524 Paulus
467 2454 590 2524 audire.

174 2575 218 2643 ht
240 2595 315 2642 vcro
340 2573 428 2642 huuc
452 2574 599 2653 Peucon,
623 2571 796 2662 multiplici
825 2569 1021 2640 tudamrum
1054 2573 1120 2638 imo
1153 2580 1186 2640 ct
1210 2572 1305 2642 Grae·

130 2712 245 2790 corum
273 2691 457 2761 eruditione
479 2691 664 2770 imbutum,
687 2727 733 2742 -
755 2690 843 2758 hunc
864 2690 911 2757 ita
933 2688 1153 2769 didacticum,
1187 2693 1235 2759 ita
1253 2691 1306 2760 do·

130 2811 320 2900 gmaticum,
333 2817 371 2878 nt
384 2808 573 2896 Theologiee
592 2806 794 2876 Christianae
803 2825 889 2876 unus
904 2805 971 2876 iere
987 2805 1088 2874 soleat
1100 2815 1192 2896 pater
1210 2816 1307 2898 atque

131 2937 246 2998 auctor
267 2928 400 3011 baberi,
423 2967 470 2984 ·-
492 2928 580 2996 hunt
596 2929 698 3015 igitur
709 2927 784 3016 quis
795 2925 931 2996 fortasse
947 2925 1027 2994 dicit
1042 2927 1166 3015 prime,
1189 2926 1307 3016 quihus

129 3047 346 3136 Euangelium
370 3050 509 3130 nititur,
533 3045 692 3136 principia
716 3045 763 3113 sic
790 3046 971 3114 excussisse
992 3052 1089 3134 atque
1114 3043 1308 3134 explicuisse

129 3165 285 3259 ulterius,
309 3175 346 3234 ut
376 3167 500 3255 Religio
524 3165 724 3243 Christiana,
749 3172 917 3252 tamquam
949 3186 988 3232 cx
1012 3164 1134 3252 plebeia
1165 3164 1306 3252 quadam

132 3284 369 3372 simplicitate,
412 3283 454 3352 ad
491 3282 712 3372 philosopham
754 3283 967 3352 subtilitatem
1007 3282 1306 3373 plenitudinemque

135 3387 378 3494 Theologicam,
401 3405 470 3492 ipso
490 3411 622 3472 auctore
640 3403 710 3490 jam
733 3399 938 3470 adscendisse
955 3401 1114 3472 censenda
1137 3403 1192 3472 sit.

179 3521 300 3592 Verum
323 3523 422 3592 nolite
441 3523 477 3590 Α.
488 3523 524 3590 Α.
543 3543 562 3589 a
582 3522 692 3590 nativi
712 3541 750 3592 ac
773 3541 863 3590 mere
876 3523 1019 3610 practica
1040 3518 1212 3606 Euangelii
1230 3520 1306 3586 sim·

132 3640 277 3729 plicitate
298 3643 344 3708 sic
362 3642 565 3710 aberrantem
589 3641 776 3730 Apostolum
792 3641 881 3710 vobis
904 3657 1094 3728 proponere.
1139 3635 1286 3706 Proiecto
1297 3667 1308 3717 ,-

133 3759 329 3852 immortalia
353 3767 430 3828 sunt
456 3759 495 3828 de
517 3759 693 3846 Religionis
716 3761 863 3844 doctrina
886 3759 949 3826 viri
972 3757 1223 3844 praeclarissimi
1241 3777 1307 3826 mc·

133 3878 208 3948 rita.
256 3877 376 3964 Ecquis
400 3877 479 3946 adeo
498 3885 565 3957 est,
590 3879 646 3965 qui
667 3879 847 3964 negaverit,
866 3878 1054 3944 interiorem
1070 3897 1119 3946 ac*
1131 3876 1306 3966 pleniorem

135 3994 305 4082 Euangelii
322 3997 537 4082 cognitionem
548 3997 805 4086 ipsiusmaxime
818 3997 948 4082 scriptis
961 3994 1092 4064 deberi?
1117 3997 1181 4064 Nec
1197 4003 1306 4094 tamen

136 4135 173 4180 eo
186 4121 318 4182 auctore
332 4114 464 4196 iactum,
482 4119 510 4183 si
526 4116 707 4202 Theologia,
721 4114 748 4181 si
760 4134 812 4181 res
825 4115 1102 4200 merc'thcoretica
1114 4135 1151 4182 ac
1164 4120 1309 4180 contem·

134 4232 254 4322 plativa
273 4235 469 4314 innumeris,
490 4234 589 4302 cheu!
614 4234 716 4302 videri
741 4235 880 4322 coeperit
903 4235 1020 4303 Christi
1039 4233 1173 4320 Religio.
1221 4233 1306 4306 van·

134 4360 205 4422 tum
230 4352 305 4420 hinc
327 4354 437 4435 abest,
467 4363 502 4422 ut
530 4355 562 4420 in
586 4355 672 4440 ipso,
698 4377 793 4444 quam
819 4356 857 4423 ad
883 4357 1042 4423 Romanos
1059 4354 1204 4441 scripsit
1229 4353 1305 4441 Epi-
