3052 5028
664 378 714 460 et

100 569 342 662 taphysicarum
360 569 532 658 patefactio
544 570 582 640 ed
594 571 755 642 contineri
772 573 965 648 Christianis
982 579 1019 648 in
1033 602 1151 670 genero
1166 590 1273 662 visunt

100 697 169 766 ast,
195 697 250 769 nt,
269 689 368 777 hujus
390 690 457 763 iere
476 691 571 760 unice
597 691 749 762 subtilius
770 691 975 782 explicandae
998 719 1037 768 ac
1063 705 1276 780 vindicandae

99 806 206 880 studio
218 809 606 898 occupati,·negligerent
625 811 757 880 interim
771 832 810 880 ac
827 832 922 902 saepe
941 815 1161 906 despicerent,
1184 828 1274 914 quiea

99 924 177 1012 quid
196 925 350 1012 praesidii
371 935 404 998 et
428 923 637 1000 emolumenti
660 930 701 998 ud
718 931 822 1019 ipsius
854 934 940 1002 vitae
963 938 1147 1030 viriumque
1168 925 1276 1016 irroraxe

98 1041 180 1112 hum
198 1043 445 1132 explieationem
463 1047 696 1134 benignissime
715 1048 854 1136 largitur
876 1051 955 1120 baec
979 1055 1141 1128 institutio
1156 1063 1228 1134 bei.

105 1209 108 1216 .
143 1162 209 1230 Hoc
231 1183 306 1232 vero
329 1165 358 1230 si
379 1181 472 1236 nunc·
492 1183 602 1232 meum
626 1173 696 1246 est,
725 1169 839 1256 paucis
858 1170 1028 1256 delibatis,
1051 1176 1155 1264 ipsius
1174 1179 1275 1252 histo-

96 1280 266 1362 riaevooe
282 1279 440 1366 probare,
459 1281 564 1361 tristis
585 1281 689 1352 fateor
707 1285 831 1372 agenda
853 1287 937 1358 mihi
959 1310 1074 1364 caussa
1097 1295 1275 1372 incumbitt

98 1406 149 1476 at,
183 1397 212 1464 si
246 1397 419 1484 »Magistra
442 1399 550 1470 vitae'’
584 1421 659 1470 vere
690 1403 833 1482 Historia
863 1406 1003 1494 dicitur,
1031 1412 1078 1482 ita
1101 1414 1213 1498 utilis,
1236 1429 1276 1492 ut

97 1517 281 1593 necessaria
304 1535 451 1605 prorsus.

103 1690 106 1698 .
140 1635 188 1714 Eo
210 1642 320 1716 tamen
347 1636 489 1716 tristior,
513 1658 577 1726 quo
594 1641 692 1710 citius
713 1642 785 1724 hic,
808 1665 905 1733 quem
927 1647 1019 1732 volo,
1042 1651 1176 1724 morbus
1194 1655 1274 1728 reiis

95 1754 224 1840 gionem
245 1753 462 1824 Christianam
486 1757 616 1834 invasit.
997 1827 999 1831 .

102 1929 104 1934 .
141 1872 214 1940 dam
234 1873 342 1958 ipsum
364 1874 512 1955 annu,
534 1879 691 1958 novistis,
714 1890 829 1952 contra
856 1887 908 1952 sui
927 1890 1082 1976 temporis
1106 1892 1271 1981 bagneri-

96 2007 151 2059 ces
170 1980 390 2074 arrogantiam
413 1991 534 2058 acriter
549 1999 714 2066 monuisse
725 2005 750 2074 ¹,
796 2001 865 2082 Quo
882 2010 993 2072 autem
1008 2010 1084 2092 jure
1106 2007 1166 2078 hoe
1189 2011 1272 2090 iece-

95 2109 159 2188 rit,
174 2107 578 2207 quantumquahuangelii
597 2113 798 2200 simpdicitati
813 2137 854 2186 ac·
869 2117 1031 2190 fructibus
1042 2129 1197 2196 'nocuerit
1208 2131 1274 2204 ista

94 2225 264 2297 hominum
286 2223 374 2304 male
401 2226 603 2298 curiosorum
626 2234 736 2302 omnia
761 2234 902 2314 rimandi
923 2236 1041 2310 iibido:
1066 2242 1099 2310 id
1118 2247 1273 2338 quidem,

95 2361 179 2433 qnae
198 2345 294 2421 duxit
312 2343 386 2426 indo
406 2343 645 2418 Christianismi
662 2349 836 2422 orientatis
844 2355 1030 2434 miserrima
1048 2362 1274 2444 ratio,·eheut

93 2463 278 2536 luculenter
308 2469 459 2546 testatur,
508 2464 584 2534 Sive
612 2469 700 2538 enim
723 2470 949 2544 Gnosticorum
980 2475 1121 2548 familias
1152 2501 1274 2574 magno

92 2603 232 2655 numero
257 2583 365 2650 varlas
399 2589 547 2670 spectes,
582 2587 649 2654 sive
669 2588 931 2670 Manichaeorum
960 2593 1025 2664 late
1046 2607 1211 2685 patentem
1232 2624 1274 2680 ao

92 2700 177 2772 bene
192 2699 375 2768 ordinatam
397 2699 576 2771 Ecclesiam
589 2726 597 2770 a
610 2698 732 2784 'omnes
748 2715 784 2786 et
800 2709 944 2794 singidos
962 2716 1105 2800 reperies
1123 2721 1274 2809 quidem,

93 2822 154 2898 suh
186 2819 361 2908 phantasia,
382 2818 500 2900 elatos,
532 2819 567 2886 in
597 2820 717 2890 Christi
747 2824 904 2911 religione
936 2829 1089 2905 sublimia
1119 2841 1273 2924 quaevisr

92 2938 262 3008 Coelorum
279 2957 470 3034 numerum,
490 2936 639 3009 Universi
657 2940 815 3028 origines,
839 2944 1031 3026 Animarum
1048 2959 1175 3036 ortum,
1195 2957 1271 3032 dieii

94 3073 258 3136 causam,
272 3057 392 3127 Christi
409 3056 479 3144 jam
515 3064 697 3131 anteactam
728 3060 845 3144 vitam,
869 3063 950 3146 otia,
963 3087 992 3135 ·a
1012 3067 1272 3152 Christianorum

94 3177 208 3249 usibus
234 3175 284 3244 vei
306 3175 495 3254 remotiora,
520 3183 728 3262 quaerentes:
756 3215 802 3234 --
824 3190 859 3250 at
881 3204 984 3254 unum
1008 3187 1103 3270 illud,
1120 3193 1213 3279 ,quod
1236 3196 1271 3270 in

94 3293 275 3380 Euangelio
302 3300 412 3370 tamen
434 3309 610 3368 ,summum
640 3303 708 3376 est,
730 3299 871 3386 turpiter
893 3303 1109 3392 negligentem
1131 3331 1196 3399 quo
1223 3317 1273 3386 ni,
1313 3388 1319 3396 ¹

79 3412 218 3482 'mirum
239 3413 326 3480 vitae
355 3411 524 3485 hominum
548 3433 642 3480 verae
672 3415 768 3503 eique
790 3425 939 3490 aeternae
964 3427 1153 3497 excitandae
1170 3432 1274 3504 incer·

91 3531 162 3603 aiat
185 3550 223 3598 ac
242 3530 467 3619 perficiendae.
514 3531 567 3600 Sic
588 3531 667 3602 adeo
683 3536 820 3608 verioris
837 3540 970 3621 virtutis
985 3543 1188 3617 Christianae
1205 3563 1275 3622 om·

91 3650 129 3718 ni
168 3649 299 3719 notione
332 3650 388 3722 isti
421 3649 600 3718 Orientales
632 3652 811 3737 carebant,
854 3665 892 3726 ut
930 3660 1106 3737 moralem*
1130 3663 1273 3743 hominis

92 3767 374 3846 emendationem,
401 3783 470 3836 *non
493 3768 528 3836 in
555 3768 707 3845 beerith
737 3773 896 3861 agendam
929 3775 980 3847 rel
1011 3779 1274 3877 adaequandum,

92 3883 152 3954 sed
171 3903 191 3952 a
213 3881 334 3950 tuturis
358 3883 489 3952 demum
511 3893 741 3976 postmortem
766 3895 1015 3984 purgationibus
1040 3904 1271 3990 expectandam

91 4024 186 4083 esse,
210 4002 494 4090 persuasissimum
517 4006 579 4074 sibi
603 4005 767 4076 haherent.

94 4209 249 4227 m

92 4375 97 4382 ·
130 4346 545 4436 ¹)huthttdru.V1:*20,v.
632 4405 636 4417 ,
