3052 5028
792 341 842 418 lt

222 541 264 610 li's
280 537 444 608 intersint.
486 537 678 604 umectam
699 534 821 623 gratias
841 533 1002 605 maximas
1018 533 1169 627 agimus,
1186 543 1242 610 cni
1260 541 1410 632 placuit,

222 661 329 750 ipsum
347 659 434 726 vitae
452 654 654 745 periculum,
678 655 713 723 in
735 677 815 745 guo,
837 657 1027 726 Novembris
1046 657 1178 730 dioillo
1198 665 1336 737 nonuet
1350 666 1409 733 vi·

222 779 358 859 cesimo,
383 775 614 856 versabantur,
636 794 696 843 sua
709 784 855 845 avertere
877 777 1086 866 benignitate.

265 1019 310 1089 ut
339 1016 425 1086 hanc
454 1013 586 1105 quidem
615 1013 848 1102 benignitatem
878 1014 937 1082 llei
962 1035 1027 1082 non
1054 1035 1226 1104 possumus
1253 1039 1335 1102 non,
1367 1026 1408 1092 in

221 1135 340 1209 ceteris
359 1134 513 1204 omnibus
537 1131 637 1222 bajus
663 1131 857 1202 Academiae
879 1132 998 1214 rebus,
1021 1144 1115 1224 grata
1142 1155 1187 1206 ac
1207 1141 1261 1228 pia
1292 1151 1409 1212 mente

220 1257 361 1330 laudare
376 1263 409 1324 ct
423 1256 583 1324 memoria
598 1254 714 1324 colere

265 1379 353 1451 Ilaec
371 1375 498 1445 salvum
517 1372 613 1442 nobis
621 1373 705 1442 lecit
723 1373 845 1460 Regem
867 1369 1053 1462 Optimum,
1077 1375 1156 1462 qni,
1177 1377 1229 1444 nti
1252 1377 1404 1448 omnium

220 1500 255 1568 in
282 1498 393 1567 Patria
414 1493 663 1563 Academiarum
683 1493 795 1580 reique
818 1489 982 1561 literariae
1001 1492 1109 1571 salutl
1122 1497 1309 1584 prospicere
1327 1517 1402 1588 pce

219 1620 290 1710 glt,
309 1613 358 1672 -ὲ
377 1613 464 1704 quod
484 1611 659 1680 norissima
677 1610 732 1680 illa
754 1613 885 1680 decreta
903 1619 1068 1680 testantur
1087 1644 1137 1669 -ω-
1157 1616 1207 1682 sio
1225 1617 1398 1705 lugduno·

219 1737 359 1806 Batavas
381 1733 523 1801 maxime
541 1730 642 1798 decus
660 1738 696 1798 et
716 1731 852 1818 gloriam
875 1725 939 1798 slbi
960 1748 1060 1800 curae
1074 1731 1231 1821 cordique
1251 1755 1338 1817 esse,
1360 1745 1393 1804 et

218 1874 256 1925 re
283 1853 446 1941 laetisque
464 1849 596 1940 probat,
617 1857 652 1918 ct
669 1867 773 1939 nuper
791 1847 900 1918 verbis
917 1851 1058 1932 testatus
1077 1859 1137 1919 eet
1163 1901 1167 1908 .

264 1973 352 2042 liaeo
372 1968 628 2039 rosincolumes
648 1969 858 2049 mavoluit,
880 1969 1053 2038 Curatores
1072 1969 1235 2040 illustres!
1256 1971 1397 2063 qnorum
1513 2001 1514 2024 ι

126 2179 134 2188 ι
218 2101 253 2163 et
270 2091 443 2166 benevolae
461 2091 604 2158 maxime
621 2107 739 2169 curae,
756 2096 789 2157 et
808 2107 885 2156 vero
904 2088 1080 2175 singulari,
1092 2109 1158 2178 qua
1173 2090 1260 2178 apud
1275 2089 1399 2181 Regem

218 2205 384 2302 gaudeus,
407 2212 533 2299 gratiae
549 2205 748 2278 menesteus
762 2205 876 2276 omnes
885 2203 975 2275 ultro
987 2229 1026 2276 ac
1041 2215 1114 2277 tuto
1127 2208 1375 2281 committimus.

218 2443 321 2524 ritem
339 2449 484 2518 servarit
497 2448 665 2536 Armene,
688 2441 807 2538 qulbus
825 2445 902 2514 baie
918 2441 1100 2516 stottona
1117 2447 1302 2533 luventati,
1325 2453 1400 2542 qul·

218 2563 281 2640 bus
299 2569 425 2644 biteris
443 2575 541 2656 atoue
558 2563 709 2649 Patriae,
732 2561 981 2646 sicutitacit'ia,
1003 2565 1156 2654 prodesse
1176 2563 1317 2657 possitis

242 2679 246 2688 '
263 2688 338 2757 'rut
353 2679 952 2770 aucc‚1oe1e‘ulatusimeveromente
965 2685 1242 2770 redlldttvitam',
1255 2703 1320 2758 uon
1335 2688 1399 2762 tlbi

218 2812 350 2900 tuisque
367 2810 593 2898 magnonem
612 2803 705 2876 nobis
726 2805 877 2874 monibus
894 2821 1004 2880 caram
1016 2801 1058 2874 'et
1079 2801 1267 2896 mmmmm.
1296 2806 1398 2878 »llam

219 2947 259 2999 ex
281 2949 394 2998 eorum
417 2917 616 3008 eanumero,
640 2919 780 3015 quorum
803 2925 850 2991 ita
868 2926 1100 3014 sempiternam
1120 2926 1212 2997 cents
1231 2935 1397 3017 exoptare

218 3069 294 3118 mus
314 3047 550 3138 praesentiam,
572 3047 622 3115 uti
645 3045 783 3133 posteris
807 3043 989 3112 immortale
1011 3065 1128 3114 nomen
1152 3047 1225 3114 erit
1273 3048 1396 3117 Tecum
1451 3093 1454 3100 ,

218 3168 398 3248 doluimus,
422 3186 520 3244 cum,
543 3164 704 3232 exstincta
724 3169 828 3230 morte
851 3161 1061 3232 dilectissima
1083 3171 1116 3232 et
1137 3165 1397 3266 praeclarissima

220 3285 304 3365 tilia,
326 3253 534 3373 praereptum
550 3282 610 3350 tibi
626 3263 819 3350 verebamur
836 3283 1013 3386 senectutis
1029 3281 1181 3378 fulcrum.
1228 3279 1295 3376 At
1283 3303 1317 3352 ιιι
1331 3303 1398 3378 quc

216 3413 258 3474 tu
279 3421 368 3493 spem
386 3410 478 3471 luam
499 3404 646 3492 reponis,
670 3401 729 3470 bas
747 3401 809 3468 tihi
825 3379 912 3468 vires
929 3381 1018 3468 Deus
1036 3371 1143 3482 dedit,
1164 3408 1209 3470 nt
1219 3369 1297 3470 huic
1315 3404 1397 3477 Aea·

218 3523 344 3593 demiae
366 3525 496 3611 egregio
519 3523 736 3592 emolumento
754 3529 788 3588 et
810 3525 1000 3587 ornamento
1016 3529 1088 3586 esee
1104 3519 1248 3588 docendo
1266 3539 1395 3610 pergas.

211 3645 327 3714 Unum
349 3657 540 3733 speramns,
571 3659 675 3709 unum
699 3639 793 3708 enixe
821 3639 982 3728 petimus:
1011 3637 1040 3704 si
1067 3637 1195 3726 quando
1219 3659 1278 3728 per
1309 3639 1395 3709 vires

218 3762 351 3867 licebit,
373 3761 413 3830 de
431 3767 587 3854 suggestu
605 3778 698 3828 sacro
710 3757 761 3826 iac
784 3778 842 3825 nos
861 3755 927 3824 oris
948 3757 998 3826 tui
1014 3757 1166 3827 facundia
1185 3755 1350 3827 fruamur!

265 3880 339 3949 Tibi
366 3885 495 3960 autem,
524 3878 711 3947 clarissime
741 3879 787 3948 Du
811 3878 948 3946 Gomnnl
984 3877 1200 3948 honorificum
1229 3877 1395 3966 gratrdor,

218 4000 305 4093 qnod
328 4005 444 4067 nactus
462 4019 512 4080 es,
537 4000 651 4067 otium.
698 3997 786 4081 Quo,
813 3997 956 4065 utinam!
980 3997 1015 4062 in
1042 4005 1173 4085 vegeta,
1196 4014 1320 4086 quaes
1342 4015 1395 4066 se·

219 4127 368 4201 nectute,
397 4118 438 4188 ad
460 4117 532 4186 illos
553 4118 611 4186 diu
633 4118 741 4186 utaris
765 4113 911 4197 labores,
934 4113 1053 4204 quibus
1077 4117 1162 4186 banc
1185 4115 1394 4185 Academiam

217 4249 253 4313 ct
273 4240 417 4311 Patriam
439 4237 518 4307 adeo
541 4239 727 4308 uniuersam
745 4245 814 4308 tam
837 4237 966 4326 egregie
987 4233 1049 4306 tibi
1071 4235 1255 4308 devinxisti.

132 4387 135 4398 ·
263 4360 329 4434 Nec
344 4369 382 4429 tu
407 4358 497 4430 mibi·
513 4357 784 4449 praetereundus,
808 4357 992 4432 Clarissima
1010 4378 1070 4432 vra
1087 4376 1148 4428 nna
1163 4357 1246 4426 Boon
1266 4355 1391 4426 llnmnl
