3046 5036
688 341 737 420 37

112 537 218 610 »haec
240 548 386 610 evacuat.
434 539 527 609 Solus
547 539 616 630 ipse
637 541 681 608 sit
707 539 905 626 spiscopus,
927 534 1016 602 solus
1039 537 1286 623 magister-,sc-

110 691 125 722 ι
136 661 189 729 lus
203 667 413 750 praeceptor,
435 660 522 730 solus
540 661 580 728 dc
601 657 751 728 omnibus
772 655 834 722 sibi
851 655 910 722 soli
922 653 1115 722 commissis
1134 652 1194 721 soli
1205 653 1270 722 uec

109 781 222 850 »sicut
245 779 333 848 solus
357 779 461 848 bonus
483 788 614 868 pastor,
635 775 862 866 respondeat.”

152 1020 239 1088 llaec
265 1019 407 1088 diximus
430 1021 466 1087 A.
487 1021 540 1086 An
577 1019 618 1086 de
640 1015 880 1106 praeclaram,
903 1033 1001 1101 quam
1023 1011 1182 1080 hactenus
1211 1011 1282 1098 qui·

102 1138 196 1219 dem,
219 1139 254 1205 in
272 1141 376 1227 ipsam
389 1139 541 1226 inprimis
557 1135 699 1204 Orientis
718 1133 914 1212 Ecclesiam,
938 1132 1052 1218 ingens
1069 1130 1147 1198 illud
1162 1129 1280 1196 babue-

103 1258 150 1326 rit
180 1257 440 1325 Ghristianorum
467 1254 650 1323 dissidium.
697 1253 924 1322 Emolumenta
950 1249 1020 1336 jam
1051 1249 1282 1316 consideranda

104 1383 296 1463 supersunt,
312 1394 469 1464 quorum,
493 1382 606 1442 nostra
623 1381 747 1453 aetate,
763 1393 853 1462 spem
870 1371 962 1438 nobis
978 1379 1011 1438 et
1026 1369 1281 1457 expectationem

104 1493 205 1562 iaciat
223 1494 368 1562 Ecclesia
391 1493 522 1561 Graeca.
973 1481 977 1489 ’

103 1641 106 1650 ·
146 1612 269 1695 Quodsi
291 1629 367 1679 vero
389 1618 593 1700 praesentem
619 1617 810 1700 reputamus
835 1611 933 1699 hujus
951 1609 1115 1680 Ecclesiae
1135 1613 1280 1684 statum,

99 1731 206 1798 tristis
236 1737 364 1798 nostros
391 1728 528 1798 fortasse
558 1732 684 1798 animos
711 1731 865 1818 cogitatio
898 1729 996 1796 subit.
1051 1726 1136 1810 Quid
1166 1723 1277 1793 enim?

99 1845 218 1917 llisera
233 1850 339 1937 jacet,
362 1849 397 1914 in
420 1849 500 1936 ipsis
521 1845 595 1929 illis,
615 1850 650 1915 in
670 1835 788 1936 quibus
805 1849 931 1916 exstitit
949 1847 1092 1934 primum
1113 1852 1147 1912 et
1167 1843 1278 1910 lloruit

98 1967 272 2034 tractibus.
319 1967 525 2052 Conspirasse
548 1967 626 2034 adeo
649 1967 801 2036 ridentur
831 1975 864 2034 et
887 1967 1013 2032 'lurcae
1035 1971 1066 2030 et
1095 1963 1173 2030 socii
1194 1963 1275 2028 'lur-

100 2103 236 2164 carum,
259 2091 295 2150 nt
315 2085 401 2172 ipses
424 2085 562 2152 Graecos
584 2087 773 2172 exstirpent.
819 2085 862 2154 Et
884 2103 977 2163 vero,
1000 2089 1171 2170 postquam
1190 2080 1275 2167 jam·

97 2201 224 2270 dudum
246 2201 326 2296 haec
350 2223 430 2291 gens
452 2205 608 2272 servitute
632 2223 804 2292 oppressa,
827 2201 879 2270 bis
903 2201 1034 2268 tandem
1054 2199 1275 2286 temporibus,

94 2320 279 2390 libertatem
303 2321 468 2390 vindicare
493 2343 623 2410 agressa
646 2331 716 2402 est,
740 2337 971 2409 saepenumero
990 2319 1058 2407 jam
1079 2319 1113 2385 hi
1137 2327 1272 2386 conatus

92 2441 335 2526 generosissimi
351 2442 413 2530 ipsi
429 2441 544 2510 afferre
562 2443 732 2509 interitum
752 2441 814 2508 visi
833 2447 920 2507 sunt.

137 2549 369 2628 Verumtamen
390 2561 427 2629 Α.
442 2563 491 2628 Ad
515 2582 535 2628 a
558 2561 674 2628 ancis
690 2551 757 2626 non
780 2556 921 2646 pendent
938 2579 1007 2626 sors
1030 2553 1270 2644 atqueiorluna

91 2677 255 2748 Ecclesiae
277 2678 428 2774 Graecae.
474 2681 544 2748 Non
571 2681 659 2747 enim
683 2679 826 2766 antiquis
855 2677 996 2764 amplius
1022 2675 1102 2742 haec
1129 2677 1268 2744 circum·

92 2797 248 2866 scribitur
268 2793 398 2866 linibus.
419 2798 489 2867 Non
509 2795 820 2886 Constantinopolis,
844 2815 908 2862 non
931 2794 1079 2881 regiones
1101 2793 1267 2882 reliquae,

94 2915 256 3003 inquibus
267 2919 381 2986 Graeci
398 2919 622 2986 inclaruerunt
645 2916 844 3004 antiquitus,
867 2920 924 2981 aut
936 2910 1085 2998 solacius
1104 2921 1160 2979 aut
1173 2931 1267 3001 prae-

92 3036 185 3123 cipua
201 3035 297 3105 hodie
315 3037 407 3106 sedes
430 3045 516 3106 sunt.
565 3037 599 3104 Si
619 3055 695 3104 vero
713 3036 777 3102 rite
800 3033 938 3101 velimus
960 3029 1150 3099 hodiernam
1178 3032 1267 3100 illius

88 3152 267 3240 dijudicare
285 3157 444 3225 rationem
452 3160 508 3245 ,2in
531 3157 594 3224 alia
616 3155 710 3243 plane
728 3154 799 3222 loca
825 3171 884 3240 age
897 3151 1006 3220 oculos
1025 3159 1265 3220 convertamus.

129 3273 201 3341 Non
216 3273 341 3342 trustra
358 3276 395 3342 d.
408 3276 464 3341 at
489 3275 619 3343 Graecis
634 3271 786 3362 patebant
808 3273 956 3359 regiones
975 3271 1152 3340 immensae
1172 3271 1264 3377 illae,

85 3409 187 3479 quas,
211 3394 463 3480 septentrionem
494 3411 628 3472 versus,
651 3390 761 3481 populi
789 3390 941 3459 tenebant
968 3391 1155 3458 etiamnunc
1188 3392 1261 3460 bar·

84 3508 155 3577 bari
178 3510 326 3598 quidem,
350 3519 383 3579 et
406 3511 567 3580 aGhristi
590 3511 757 3600 religionis
779 3511 867 3578 omni
886 3510 1068 3597 cognitione
1089 3499 1203 3586 alieni3
1226 3514 1287 3577 ct‘

84 3645 231 3716 quorum,
254 3629 289 3696 in
308 3631 454 3698 omnium
477 3630 578 3700 lerme
602 3633 750 3719 gentium
770 3629 857 3709 iata,
880 3647 999 3714 magna
1018 3625 1190 3714 aliquando
1208 3629 1258 3696 vis

81 3753 113 3814 et
134 3747 312 3815 auctoritas
334 3746 427 3814 leret.
475 3748 538 3830 Qui
571 3751 611 3816 ab
641 3751 744 3838 ipsius
768 3750 855 3818 enim
883 3747 1068 3814 schismatis
1091 3753 1256 3837 tempore,
1320 3829 1321 3832 Ἴ
1439 3804 1450 3811 .

79 3865 171 3954 plane
195 3875 325 3956 ceperat
358 3864 511 3945 Graecos,
535 3909 538 3915 =
545 3868 770 3955 propagandae
801 3867 965 3936 Ecclesiae
999 3865 1116 3948 ardor,
1151 3868 1257 3938 effecit

81 3981 186 4065 idem,
210 3993 247 4053 ut
278 3985 443 4072 religionis
466 3987 572 4054 omnis
595 3995 629 4056 et
651 3987 865 4055 humanitatis
895 3985 966 4052 icns
985 3993 1018 4054 et
1040 3989 1130 4076 origo
1153 3990 1256 4076 regio

81 4101 175 4172 nibus
197 4104 270 4170 istis
292 4103 437 4173 Ecclesia
460 4107 580 4176 Graeca
604 4108 777 4177 exstiterit.
826 4108 910 4175 llaec
933 4107 1176 4175 Slavonicarnm
1200 4105 1260 4173 has

81 4241 153 4290 rum
172 4224 318 4310 gentium
336 4225 503 4314 Apostolos
521 4227 607 4296 tulit.
655 4229 741 4296 llaec
764 4226 924 4296 stabilitae
941 4229 975 4294 in
998 4225 1050 4292 his
1073 4207 1253 4304 Ecclesiae,
1349 4297 1356 4308 ,

81 4361 137 4428 per
166 4340 269 4410 multa
293 4345 419 4425 secula,
449 4345 594 4416 doctores
618 4348 706 4416 dedit
739 4349 973 4434 antistitesque.
1022 4342 1124 4421 Haec,
1149 4341 1252 4412 almae
