3052 5028
777 305 849 384 1011

230 503 327 575 cheul
345 504 502 574 hahemus
525 505 559 572 in
581 505 715 574 Cnoncro
732 483 885 586 Cinnano,
909 523 1038 574 summo
1059 510 1112 575 sui
1131 513 1286 598 temporis
1310 515 1405 597 viro‚‘

227 613 325 716 quem
336 625 472 694 verioris
485 623 685 712 Theologiae,
697 624 848 713 inprimis
863 643 940 692 vero
951 624 1285 716 llorcliollicclpliooe
1296 644 1407 703 auoto-

229 753 334 812 torem
365 742 460 810 hodie
501 741 632 830 quidem
670 741 842 826 Germania
880 743 1042 826 celebrat,
1086 748 1259 834 quoniam,
1296 753 1384 839 quod
1396 800 1406 834 ,

226 869 303 934 ante
321 862 557 951 quinquaginta
575 860 645 948 jam
663 867 697 928 et
719 861 805 950 quod
823 863 968 930 excurrit
982 883 1099 945 annos,
1121 865 1263 935 Dsnmns
1284 870 1320 937 in
1344 870 1406 940 lie·

225 980 366 1050 lormate
377 981 523 1050 Ecclesia
538 987 664 1067 egerat,
676 980 763 1048 idem
777 975 839 1049 'ille
857 1001 944 1049 nunc
961 983 1087 1070 primus
1099 984 1186 1052 inter
1201 985 1406 1060 hatheranos

224 1119 302 1167 snos
324 1099 526 1188 periclitatus
546 1107 606 1166 est.
652 1099 737 1166 Ecce
755 1119 853 1177 vero,
872 1079 937 1168 non
960 1101 1257 1190 impuneCnnxros
1270 1125 1406 1195 perver-

225 1237 297 1286 sam
315 1217 405 1286 illam
427 1238 465 1285 ac
488 1217 640 1305 frigidam
665 1217 855 1306 theologiae
874 1239 932 1286 suo
950 1226 1096 1308 tempore
1114 1223 1274 1291 rationem
1296 1226 1405 1298 elehel,

222 1336 292 1405 lare
324 1335 479 1404 instituit.
526 1337 732 1416 hacreticus,
764 1337 830 1403 imo
863 1355 940 1404 vero
962 1336 1143 1422 pessimus,
1176 1348 1306 1413 tantum
1339 1367 1405 1418 non

224 1455 375 1524 omnihus
405 1457 495 1524 visus
525 1461 584 1523 ast.
641 1447 723 1523 Nam
750 1454 792 1522 ad
822 1452 1039 1522 Christianam
1073 1457 1229 1528 virtmem
1255 1462 1405 1548 hortari,

224 1576 446 1664 moralemque
475 1574 617 1643 hominis
647 1572 876 1663 perlectionem
907 1592 1046 1660 urgere,
1079 1573 1140 1643 hoc
1172 1577 1297 1648 scilicet
1331 1595 1404 1654 erat

224 1699 339 1762 eontra
354 1692 533 1760 Ecclesiam
547 1711 698 1782 peccare:
721 1699 833 1779 utpote
857 1709 961 1779 quae,
984 1691 1069 1760 male
1085 1693 1249 1764 intellecta
1264 1707 1297 1766 et
1311 1701 1401 1771 adhi.

221 1809 293 1879 hita
309 1811 404 1877 Pium
415 1807 581 1888 doctrina,
604 1831 662 1899 per
673 1807 888 1877 solamfldem
901 1807 1065 1878 hominem
1076 1811 1252 1898 justificari
1268 1817 1397 1888 rolehat.

223 1930 272 1998 llo
282 1947 371 1996 nunc
381 1929 472 2017 pejor
482 1935 515 1998 et
534 1929 689 2018 abjectior
705 1925 792 1994 lacta
807 1933 857 1994 est
867 1926 1063 2015 Disciplinae
1074 1930 1224 2011 moralis,
1239 1933 1402 2022 imprimis

222 2049 310 2116 inter
331 2047 556 2131 hutheranos3
575 2045 726 2116 conditio.
773 2044 926 2132 theologi
948 2044 1036 2112 enim
1059 2045 1106 2112 sic
1134 2047 1224 2116 illam
1251 2072 1405 2140 spernere
1503 2051 1504 2134 l

222 2166 321 2254 vulgo
339 2187 377 2234 ac
400 2165 565 2255 despicere
582 2171 739 2255 pergunt,
761 2159 815 2254 ut?
838 2162 927 2230 illius
947 2161 1110 2232 docendae
1127 2164 1248 2237 honore
1261 2170 1405 2242 Philoso·
1503 2209 1504 2214 =

224 2285 298 2374 phis
310 2285 424 2353 relicto
442 2293 499 2354 aut
514 2282 766 2362 iureconsultis,
786 2281 854 2368 ipsi·
867 2282 902 2348 ln
921 2267 1135 2372 systematioa
1153 2305 1214 2355 sua
1230 2289 1406 2382 lheologia

136 2475 140 2480 ,
224 2404 385 2472 hactenus
411 2411 542 2470 tantum
564 2403 683 2489 Legem
705 2401 764 2468 Dei
786 2383 943 2468 moralem
965 2411 1147 2489 exponant,
1177 2414 1232 2485 ut,
1255 2421 1404 2498 peccato.
1503 2407 1504 2464 ξ

224 2541 302 2590 rum
324 2521 434 2588 sensui
463 2520 742 2608 conscientiaeque
772 2518 935 2587 morsibus
969 2521 1122 2590 acuendis
1154 2527 1277 2612 potius,
1301 2551 1404 2619 quam

89 2626 95 2648 “
223 2634 358 2708 virtutis
391 2637 499 2706 studio
530 2636 643 2706 alendo
665 2657 703 2718 tt
733 2635 990 2719 ⁰⁰ff⁰h⁰l³¹¹⁴l⁰2
1024 2659 1044 2722 ἢ
1073 2642 1139 2718 Βθο
1167 2643 1257 2715 issam
1291 2648 1403 2723 dmm

225 2777 296 2832 csse
314 2741 477 2837 docerent,

272 2999 358 3083 Quid
384 2979 503 3088 plural
552 2977 734 3066 'redierunt
763 2977 851 3065 nunc
881 3007 1051 3090 tempora,
1082 2985 1200 3092 quihus
1226 3009 1403 3081 orthodoxa

225 3119 352 3188 ratione
382 3117 519 3196 sentire,
548 3117 614 3183 imo
637 3133 733 3182 caeca
764 3115 826 3184 fide
854 3118 1005 3206 amplecti
1031 3121 1214 3210 acriterque
1236 3126 1403 3200 vindicare

226 3228 383 3326 quiequid
405 3233 568 3303 Ecclesiae
591 3234 668 3301 olim
692 3237 858 3305 statuisset
881 3238 1075 3319 auctoritas,
1098 3241 1214 3328 majori
1231 3223 1330 3332 'longe
1354 3269 1402 3316 so·

224 3355 310 3422 lebat
332 3355 435 3441 pretio
458 3351 644 3443 aestimari,
678 3373 778 3441 quam
805 3375 900 3423 verae
926 3355 1041 3424 virtuti
1073 3339 1203 3428 studere
1233 3382 1399 3455 unumque

224 3471 391 3541 Christum
413 3469 488 3538 lidei
504 3471 651 3560 vitaeque
671 3472 787 3541 ducem
810 3480 843 3541 et
865 3474 1113 3560 antesignanum
1131 3481 1233 3566 sequi.

268 3591 407 3660 Frustra
418 3589 545 3677 placent
556 3589 737 3662 innumeris
756 3593 861 3660 lacon
873 3591 1019 3673 Senonas,
1041 3594 1105 3661 viri
1125 3600 1266 3680 summi,
1292 3585 1397 3672 »Desi-

223 3709 315 3778 deria
328 3685 416 3798 piaf’
444 3709 581 3777 Frustra
599 3709 737 3793 aliorum
753 3709 859 3777 ubivis
878 3720 1036 3798 parantur
1054 3717 1216 3801 practicae
1232 3718 1400 3808 religionis

223 3835 337 3897 contra
356 3827 500 3895 sterilem
522 3827 606 3896 hanc
629 3828 819 3916 Theologiae
841 3807 1000 3896 rationem
1018 3831 1230 3909 vindicandae
1253 3821 1402 3912 conatus.

222 3947 311 4017 tices
323 3943 469 4012 omnium
482 3944 688 4015 intllissimae
698 3955 731 4015 et
746 3967 881 4016 numero
897 3947 1156 4036 multiplicantur
1173 3961 1206 4022 et
1225 3957 1405 4030 acerbitate

222 4071 386 4134 crescunt.
418 4062 492 4152 Ipsa
513 4067 717 4151 generosiora
732 4067 817 4134 ritae
833 4065 1033 4135 Christianae
1049 4053 1278 4142 instaurandae
1290 4077 1403 4148 studia

219 4187 256 4252 in
270 4185 422 4273 pietatem
434 4182 494 4252 hoc
506 4189 650 4272 tempore
665 4185 784 4254 aheunt
799 4204 888 4254 mere
899 4183 1071 4272 asceticam
1088 4197 1185 4279 atque
1200 4191 1402 4274 morbosam

221 4303 302 4380 dum
328 4311 441 4374 contra
462 4283 674 4393 dogmatismi
700 4305 855 4376 severitas
880 4303 965 4393 apud
987 4306 1176 4380 innumeros
1201 4311 1298 4383 tidem
1321 4314 1399 4397 alit,
