3062 5022
664 344 712 418 91

121 545 259 618 sublime
284 542 377 614 illud:
412 544 451 612 In
472 543 631 630 principio
651 541 774 608 onenvit
792 539 878 606 Deus
902 534 1026 604 eoelum
1047 545 1079 605 et
1103 529 1293 608 temnmt”¹

121 667 355 744 theoreticam,
388 681 470 751 quae
500 662 668 750 saqoitm,
699 668 732 728 et
762 656 953 726 informatae
983 654 1109 724 telluris
1133 667 1166 726 at
1196 657 1297 727 ornati

123 785 265 857 hominis
287 792 320 854 et
346 781 481 870 originis
497 782 621 869 peoeau
649 797 723 848 mox
753 777 964 848 increscentis
982 775 1236 846 enarrationem:
1253 813 1300 830 -·

125 903 303 976 theotoniae
326 903 420 981 itam,
451 917 533 990 quaa
554 900 657 970 Deum
676 897 730 966 irie
754 915 849 986 porro
880 915 1001 976 unum,
1030 896 1299 984 omnipotentem,

45 1060 53 1072 ·
125 1029 291 1102 sanetum,
310 1022 453 1110 justum,
475 1019 615 1099 honum,
639 1017 809 1086 hominum
830 1017 1022 1105 praesertim
1045 1033 1155 1084 amere
1177 1031 1215 1083 ae
1240 1015 1301 1082 mi·

126 1139 301 1212 seriourdin
324 1139 479 1228 plenum,
503 1145 658 1226 perpetuo
680 1136 773 1204 nodis
795 1143 871 1206 ante
886 1135 1002 1204 'oeulos
1026 1141 1170 1224 pomum:
1199 1167 1246 1188 -
1268 1139 1303 1201 nt

126 1240 380 1345 vitnns',quan1
408 1255 487 1326 haee
516 1257 586 1344 ipsa
614 1257 681 1325 sint
719 1255 854 1324 monadia
883 1255 1042 1334 manime,
1078 1271 1117 1322 eo
1143 1251 1303 1322 nimirum

129 1376 267 1458 dietam
290 1374 469 1454 destinata,
492 1382 539 1454 ut,
557 1375 662 1444 Patris
680 1376 794 1455 instar,
805 1374 992 1445 atenantn
1012 1373 1052 1442 adt
1070 1373 1207 1442 interitu
1220 1370 1305 1442 tilios

131 1513 208 1564 suos
235 1494 383 1565 nominas
410 1495 496 1566 uem
520 1503 685 1574 servaret,
720 1497 773 1563 sni
806 1497 923 1564 timore
959 1513 1012 1563 eos
1042 1501 1076 1562 et
1112 1511 1222 1560 amore
1256 1491 1303 1559 in·

129 1610 303 1691 uenderet,
326 1631 448 1702 perque
460 1613 564 1698 nutias
576 1633 640 1682 nou
660 1633 738 1682 suae
753 1613 977 1684 Providentiae
1000 1613 1069 1681 vias
1093 1611 1152 1680 Sui
1172 1609 1304 1680 tandem

129 1730 253 1805 simnes
271 1729 430 1801 redderet.
481 1731 522 1800 Ut
544 1733 673 1821 singula
690 1735 803 1822 paneis
826 1733 1041 1822 eompieetnr:
1064 1730 1105 1800 nb
1127 1747 1226 1799 aureo
1244 1732 1307 1798 isto

130 1849 189 1918 Ilei
211 1848 251 1918 ad
271 1848 407 1932 Geinum
435 1848 551 1920 enare:
577 1852 710 1920 »Nonne
730 1851 812 1920 bene
830 1854 859 1918 si
880 1851 985 1939 egeris
1004 1852 1125 1920 orontio
1141 1851 1213 1920 esti
1249 1849 1308 1920 Sin

133 1967 237 2048 mede,
253 1966 350 2046 nnbat
361 1975 438 2042 arte
448 1977 575 2057 portam
590 1973 774 2059 peecatum!
799 1970 866 2040 Hor
878 1978 911 2038 te
926 1968 1194 2037 sibisuhmitters
1205 1967 1307 2036 ardet.

136 2086 267 2168 durent
277 2085 495 2162 dominaberis
506 2088 588 2156 ail²'’
601 2087 642 2156 nir
652 2086 712 2156 hoo
725 2087 987 2174 auramiuquam,
995 2083 1100 2166 effeto,
1114 2093 1309 2174 peronneto,

133 2223 217 2292 quun
239 2207 428 2278 eonnnunta
450 2205 603 2294 deinceps
627 2206 712 2274 seris
740 2211 883 2274 exstant:
913 2204 1178 2274 Patrieroitarum
1201 2207 1311 2274 natine

133 2331 303 2408 simmatus
314 2323 476 2413 historias,
496 2327 647 2396 instituta
662 2323 810 2404 Mosaios,
838 2323 970 2394 Doridis
982 2326 1027 2414 pii
1039 2325 1310 2415 suspiriuanimi,

134 2440 318 2524 Salomonis
344 2446 555 2534 sapientiam,
578 2443 818 2533 'Prophetarum
845 2443 985 2533 danique
1014 2443 1165 2516 sublimia
1196 2443 1310 2525 verba,

134 2559 177 2631 ad
205 2559 355 2635 utinen
381 2563 488 2644 idam,
512 2567 546 2634 in
570 2583 634 2653 qna
654 2562 828 2632 dialnehias
863 2563 1003 2643 desinit,
1037 2565 1154 2634 orituri
1179 2563 1311 2634 tandem

135 2679 222 2748 Satin
250 2680 398 2751 loetitiae
421 2684 811 2752 annmtiotionemtr-
833 2683 866 2748 in
890 2681 979 2750 hisne
1000 2683 1150 2751 omnibus
1169 2690 1310 2753 oontem-

134 2799 308 2892 plativam‚
331 2807 454 2872 eertum
470 2800 713 2892 absolutamque
732 2801 918 2870 divinarum
932 2818 1044 2869 rerum
1063 2801 1311 2891 pateiaotionem

135 2918 358 2992 ssne·irustro
384 2921 600 3007 quaesiverim
624 2921 877 2989 attinendum
900 2918 1061 2988 dominari
1095 2920 1201 2989 ubivis
1224 2915 1311 2990 vide·

134 3038 190 3107 bis
208 3037 350 3116 salutaro
373 3037 544 3110 sensilium
567 3040 645 3119 liei,
666 3047 705 3107 ut
723 3039 858 3106 Divitias
877 3039 1061 3108 sanctitatis
1081 3058 1120 3108 ae
1147 3040 1313 3108 beatitatis

135 3156 233 3230 homo
256 3158 324 3245 ipse
341 3160 504 3246 portieeps
530 3157 595 3226 fist.

185 3393 227 3464 Et
243 3393 299 3462 his
316 3391 447 3480 qudem
466 3393 506 3462 de
529 3393 711 3482 antiquiore
733 3394 789 3462 iilo
802 3403 946 3484 tempore
966 3397 1078 3478 dietis,
1097 3399 1169 3484 jam,
1185 3413 1314 3466 omnem

139 3509 354 3594 nineonmtti
376 3513 511 3584 divinas
536 3511 760 3601 pateneuonts
784 3514 924 3584 indolem
946 3515 1132 3584 delineasse

184 3631 254 3703 Nou
278 3638 368 3704 nerto
389 3633 489 3704 ulium
512 3634 612 3704 finam
630 3634 758 3704 aliudve
775 3653 895 3705 munus
918 3634 1059 3702 uberiori
1070 3631 1139 3712 tin,
1163 3649 1226 3700 non
1243 3632 1315 3700 uni·

139 3770 183 3823 us
204 3749 334 3840 populi,
356 3750 413 3820 ssd
436 3750 605 3822 hominnm
626 3756 715 3822 omui
735 3754 805 3823 ioeo
831 3775 869 3824 an
891 3762 1035 3844 tempore
1060 3753 1227 3834 omnium,
1258 3767 1317 3844 per

139 3869 308 3948 mntem
335 3871 533 3942 institutioni
566 3870 654 3940 Daras
682 3872 849 3960 imposuit.

185 3989 288 4069 Eece,
309 3989 400 4058 adest
415 3988 566 4070 tandem,
590 4009 686 4078 quem
707 3993 813 4080 pasis,
839 4011 934 4082 quem
943 3992 1092 4081 justitiae
1116 3993 1241 4082 antiqui
1260 4009 1314 4060 an·

184 4349 207 4417 ²)
229 4341 354 4406 Geumi:
376 4354 402 4404 1·
478 4351 499 4420 2)
522 4351 613 4408 Gener.
636 4356 683 4410 IV:
704 4355 728 4408 t.
802 4355 825 4428 ³)
844 4357 984 4412 Mttnucttt
1000 4356 1051 4408 tV:
1070 4355 1095 4408 2.
