3052 5028
828 365 877 440 82

307 563 368 632 Hie
390 582 486 654 porro
504 561 538 626 in
566 557 645 646 Cap,
662 555 702 624 tt
711 607 720 638 ,
745 579 824 646 quae
845 559 879 623 in
904 558 990 647 Leqe
1011 555 1145 646 Imperii
1169 564 1275 624 nostra
1299 558 1338 626 de
1361 559 1443 649 teqi-

305 687 395 773 sera,
419 680 592 750 enecatrice
612 689 642 748 et
657 677 820 766 judicaria
839 685 990 768 potestate
1008 695 1177 765 canamque
1194 679 1309 766 [armis
1330 679 1444 768 laquea

307 810 380 881 tur,
404 810 497 890 atque
518 804 724 887 arqsunentu,
755 796 912 884 utrimque
938 794 1058 875 allata,
1089 795 1235 864 retulisse
1258 805 1444 881 contentus,

307 897 573 1010 disquisitionem,
596 937 691 1006 quam
713 913 926 1002 postulaverat
954 903 1057 994 Ordo,
1078 915 1193 982 omisit.
1240 915 1363 985 Prioris
1386 941 1444 986 au·

307 1048 370 1108 tem
390 1036 663 1108 Commentationis
678 1033 811 1122 scriptor
829 1031 886 1100 leoc
904 1033 1009 1122 ipsum
1020 1035 1066 1105 itc
1086 1033 1247 1112 tractavit,
1269 1043 1306 1100 nt
1324 1039 1445 1104 utmnu‘

307 1159 482 1250 imperitia
502 1158 583 1226 duas
598 1165 707 1245 partes
725 1153 973 1222 distributionem
993 1153 1090 1220 vetuti
1107 1153 1197 1222 unice
1216 1172 1324 1220 ueram
1337 1155 1443 1244 maqis

307 1286 460 1358 sumeret,
489 1286 518 1346 et
545 1297 586 1346 ea
613 1296 650 1344 ea
674 1273 790 1362 Lepem
812 1272 944 1360 imperii
966 1281 1105 1340 nostram
1128 1270 1321 1358 explicaret,
1345 1295 1441 1362 quarn

307 1397 441 1487 triadem
463 1418 528 1478 noa,
548 1394 692 1474 admitti,
711 1392 846 1482 probare
869 1413 909 1460 aa
927 1392 996 1478 ipsa
1019 1390 1103 1478 Lapa
1123 1391 1285 1461 niteretur.

261 1516 367 1608 lqitur
383 1515 561 1604 praemium
579 1515 715 1582 tribuere
731 1511 836 1580 neutri
858 1487 940 1576 Ordo
953 1510 1072 1598 potuit,·
1096 1509 1294 1597 diliqentiam
1310 1520 1438 1592 tamen,

306 1634 518 1712 iudustriam,
540 1633 697 1701 doetrinae
712 1629 938 1720 praestantiam
957 1629 1300 1716 utriusquescriptoris
1314 1632 1440 1722 potitiae

255 1807 257 1812 .
307 1752 514 1820 collaudanda
541 1775 606 1819 esse
626 1751 753 1819 oerssuit.
801 1751 910 1836 Atque
933 1747 1052 1836 prioris
1083 1747 1261 1835 scriptionis
1282 1759 1433 1817 auctorem

308 1893 342 1942 se
364 1876 533 1966 professus
568 1881 613 1940 est
648 1871 680 1940 C.
717 1869 893 1948 Verentur,
928 1867 961 1934 J.
1001 1866 1038 1932 U.
1073 1865 1168 1934 Cond.
1200 1867 1236 1932 iu
1266 1868 1438 1938 Academia
1519 1951 1520 1958 ἵ

307 1989 634 2078 maurimontem
664 1989 796 2058 alterius
824 1987 864 2057 Η.
889 1986 928 2056 Α.
954 1986 1118 2066 Hotoman,
1148 1985 1181 2054 J.
1211 1984 1252 2060 U.
1280 1987 1377 2060 caat.
1405 1993 1440 2056 iu

306 2109 476 2182 Attonsae
494 2108 622 2178 illustri
642 2106 961 2180 Amesetotamenstfi

259 2321 262 2327 λ
306 2346 479 2438 Victorum
495 2365 612 2434 agmen
633 2343 803 2424 clauditis,
828 2342 1037 2412 ornatissimi
1056 2341 1442 2420 termenandum

262 2486 329 2536 non
353 2466 484 2556 quidem
508 2467 647 2534 victores
666 2464 750 2552 ipsi,
774 2471 808 2532 at
828 2470 938 2546 tannen
962 2463 1075 2532 invicti
1106 2469 1203 2552 atquc
1231 2462 1442 2555 diligentiae,
1519 2443 1520 2485 ¹

263 2585 462 2667 industriae,
486 2569 715 2672 doctrinaeque
737 2585 955 2672 praestantiae
974 2581 1104 2650 laudem
1123 2573 1297 2653 consecuti.
1345 2587 1444 2675 Majo-

262 2724 339 2774 rum
365 2704 425 2773 hae
454 2706 522 2783 sint
550 2701 709 2769 honorum
735 2703 908 2792 primitiae.
957 2701 1081 2786 Quare,
1105 2722 1169 2790 qua
1191 2725 1248 2772 vos
1275 2705 1445 2795 incepistis

261 2823 333 2922 oia,
356 2843 444 2892 nunc
462 2823 503 2892 ad
522 2822 637 2891 altiora
654 2823 789 2912 surgite.
837 2831 845 2852 ·

305 3854 385 3962 Seio
403 3857 559 3945 quidem
583 3857 740 3948 videoque
766 3879 838 3938 esse
863 3861 1051 3961 intervos,
1080 3855 1327 3934 monasterias
1345 3859 1440 3930 inve·

258 3977 333 4054 nest
352 3995 488 4047 numero
506 3977 648 4057 multoe,
667 3980 702 4051 in
719 3979 870 4056 eamdem
888 3997 1024 4052 arenam
1038 3975 1233 4050 descendere
1247 3977 1317 4066 juta
1330 3979 1441 4052 noima

258 4095 444 4184 gestientes.
475 4097 518 4166 At
532 4117 652 4174 33333333
664 4099 755 4169 vohis
774 4099 920 4171 indicere
934 4103 1100 4171 certamen
1116 4097 1284 4171 decretum
1299 4099 1441 4187 nerium

256 4221 357 4288 seut.
403 4215 550 4294 Indicent
579 4227 688 4295 antem
718 4221 779 4294 1333
806 4202 889 4289 anno
921 4217 1129 4309 Granisqeut.
1176 4219 1239 4293 Nos
1266 4219 1441 4311 aliqnando

257 4333 401 4416 modesto
420 4358 603 4427 sequemur.
