3046 5036
676 298 799 394 er'

116 521 199 594 duce
218 519 354 599 codice,
376 514 630 588 Protestantium
648 513 789 586 iamiliae
807 511 932 594 variae,
956 513 1111 584 unanimo
1129 521 1287 592 consensu

116 641 320 732 profitentur.
345 677 391 692 -
413 635 559 708 Profecto
581 635 662 705 baec
685 633 979 714 considerantibus,
1000 635 1123 724 optima
1142 659 1288 730 quaeque

114 760 207 832 nobis
227 769 357 849 sperare
379 759 468 828 licet.
513 757 575 834 Per
599 757 704 844 ipsam
718 756 789 846 jam
806 752 984 824 Ecclesiam
1002 754 1159 826 Graecam
1179 761 1289 830 sanior

114 888 212 970 atque
232 880 345 969 purior
359 879 559 948 incrementa
579 877 667 967 capit
685 873 819 972 Divinae
838 871 1015 960 Religionis
1032 875 1119 944 inter
1141 875 1288 949 hominen

113 1000 265 1088 cognitio.
311 999 475 1068 Hactenus
494 993 626 1084 quidem
646 993 755 1063 cultus
773 991 831 1062 Rei
852 993 887 1060 iu
902 989 958 1060 illa
978 990 1076 1062 luerit
1096 993 1245 1083 publicus
1267 1017 1288 1068 a

112 1119 296 1188 Christiana
314 1117 541 1206 simplicitate,
564 1103 726 1182 e‘ncstris
747 1109 879 1198 quidem
900 1111 1123 1200 opinionibus,
1145 1115 1286 1186 multum

112 1237 287 1317 recedens,
310 1238 437 1306 rituum
461 1233 539 1304 adeo
562 1240 596 1300 et
618 1229 888 1303 caerimoniarum
910 1249 1027 1319 pompa
1049 1237 1082 1298 e't
1103 1231 1287 1320 prolixitate

113 1357 156 1426 ad
183 1362 351 1425 externam
378 1352 473 1442 plana
495 1351 654 1420 rationem
681 1349 887 1438 compositus.
929 1349 1058 1420 ,Verum
1080 1367 1145 1418 non
1164 1349 1289 1422 trustra

114 1473 296 1544 Russorum
311 1474 381 1562 jam
401 1471 498 1546 multi
513 1477 547 1540 et
565 1467 675 1538 vident
694 1467 827 1536 meliora
846 1477 880 1536 et
900 1467 1047 1558 probant.
1094 1469 1159 1539 Nec
1178 1472 1289 1542 visua

112 1592 288 1673 carebunt,
313 1611 394 1680 quae
414 1589 619 1679 generosiora
638 1587 744 1658 ubivis
762 1587 871 1658 studia
882 1589 1054 1656 exsistunt.
1100 1587 1192 1658 llanc
1210 1609 1287 1660 vero

109 1709 203 1784 nobis
219 1709 488 1798 ‘expectationem
520 1707 670 1782 firmant:
701 1705 769 1776 iore
791 1705 922 1776 tandein
953 1713 987 1774 et
1016 1703 1084 1778 lore
1107 1705 1216 1788 brevi,
1249 1717 1286 1778 ut

108 1829 287 1916 Religionis
316 1834 349 1896 ct
373 1826 563 1914 rtheologiae
584 1846 661 1896 vere
686 1825 887 1894 Christianae
910 1823 1055 1913 pulcram
1087 1833 1120 1896 et
1145 1825 1285 1915 praecla-

110 1965 183 2014 ram
205 1945 315 2017 sedem
335 1946 406 2034 ipsa
427 1965 555 2034 quoquc
580 1944 699 2016 Russia
721 1943 896 2032 praebeatt*

155 2065 199 2132 Et
229 2063 309 2132 hacc
332 2062 411 2132 dum
441 2072 577 2152 reputo,
607 2066 665 2152 qui
686 2072 795 2132 tacere
826 2061 950 2130 diutius
984 2061 1087 2149 ipsam
1117 2063 1285 2134 Graeciam

110 2181 258 2270 possem?
305 2181 553 2270 Expergiscitur
577 2190 612 2251 ct
641 2181 823 2260 reviviscit,
857 2179 996 2248 velutie
1024 2179 1119 2268 longe
1151 2203 1284 2271 sopore,

109 2300 249 2370 illustris
271 2299 326 2370 illa
346 2301 467 2372 artium
490 2308 523 2370 et
552 2299 724 2372 literarum
747 2301 931 2380 receuoir,
954 2299 1093 2388 pristina
1122 2299 1177 2370 illa
1199 2300 1283 2370 Reli·

107 2420 214 2508 gionis
236 2418 437 2490 Christianae
462 2428 494 2489 et
513 2420 653 2490 Graecae
668 2417 833 2488 Ecclesiae
855 2418 957 2488 sedes.
1004 2419 1079 2488 Jarn
1100 2420 1283 2510 complures

104 2559 164 2630 per
185 2553 310 2619 annos,
340 2538 567 2628 plaudentibus
594 2539 687 2608 bonis
715 2546 749 2608 ct
777 2540 931 2608 universa
953 2544 1104 2628 stupente
1133 2523 1281 2630 Eiuopd,

106 2660 244 2747 exiguae
262 2659 403 2728 Graecae
426 2645 566 2728 nationis
585 2655 758 2746 reliquiae,
784 2657 870 2746 iura,
892 2657 1054 2745 patriam,
1077 2657 1280 2741 libertatem,

106 2786 317 2867 murumque
337 2779 514 2868 Religionis
536 2797 702 2858 caussam,
725 2783 840 2846 contm
861 2774 1022 2844 barbarici
1048 2775 1172 2846 rabiem
1198 2785 1282 2848 stre·

108 2915 175 2972 nuc
202 2897 377 2966 vindicant.
423 2898 466 2966 Et
499 2897 583 2966 laeta
610 2897 734 2968 arridet
763 2915 859 2986 spes,
892 2893 981 2975 iore,
1005 2900 1043 2962 ut
1077 2893 1194 2965 nobilis
1225 2896 1281 2966 illa

106 3014 247 3088 Helladis
266 3015 353 3084 baud
373 3017 466 3106 piam
482 3016 676 3105 degenerata
695 3015 820 3107 proles,
842 3014 957 3103 longae
980 3013 1148 3094 servitutis
1160 3013 1279 3102 jugum

104 3136 269 3215 excutiat,
299 3137 448 3222 interque
471 3135 624 3204 cultiores
646 3136 794 3224 Europae
824 3133 958 3224 populos
986 3132 1121 3222 dignum
1144 3134 1207 3204 sibi
1229 3134 1278 3204 lc-

101 3271 179 3322 cum
199 3255 344 3340 recipiat.
368 3276 412 3302 -’
437 3251 583 3322 Proiecto
605 3254 643 3322 A.
656 3253 710 3322 ΑΛ
733 3261 855 3340 quanta
876 3253 1040 3342 voluptate
1058 3254 1185 3342 jactare
1206 3275 1278 3326 seso

100 3372 206 3444 oratic
232 3378 360 3464 posset,
390 3380 510 3460 qmuto
537 3372 656 3461 gaudio
677 3371 862 3449 exsultare,
884 3351 939 3450 si,
961 3369 1098 3442 liberata
1118 3374 1275 3456 arrecta,

101 3492 136 3558 in
159 3470 235 3558 sede
262 3491 395 3578 antiqua
418 3492 508 3560 novis
538 3492 661 3562 viribus
691 3496 859 3580 agentem,
881 3498 1099 3570 crescentem,
1121 3491 1164 3560 ad
1184 3511 1275 3579 prae·

101 3609 188 3686 clara
209 3609 319 3676 omnia
335 3609 404 3695 jam
426 3611 652 3698 procedentem
677 3630 856 3700 proponere
886 3609 979 3676 nobis
1004 3608 1118 3676 liceret
1139 3609 1275 3682 Graeco·
1353 3591 1356 3596 ⁵

100 3749 176 3797 rum
197 3727 397 3796 Ecclesiam!
421 3765 466 3786 -.-
488 3731 531 3798 Et
553 3750 650 3809 sane,
670 3730 739 3817 jam
767 3736 910 3817 surgunt
931 3729 1079 3818 Europae
1106 3729 1274 3821 Principes

98 3848 295 3918 Graecorum
325 3853 358 3914 et
379 3846 543 3917 Ecclesiae
571 3847 711 3916 Graecae
736 3847 896 3916 vindicesl
919 3847 992 3916 Jant
1014 3847 1178 3938 Europam
1199 3871 1273 3939 per·

99 3974 193 4036 sonat
210 3985 338 4036 omnem
351 3965 530 4054 ingensilla
550 3967 732 4035 'lurcorum
744 3966 785 4034 ad
794 3965 993 4036 Navarinum
1004 3967 1129 4040 clades!
1154 3971 1271 4038 tuscis·

98 4087 199 4154 simae
207 4086 287 4174 jam,
298 4085 388 4154 bisce
399 4085 512 4160 dicbus
520 4087 650 4166 nostris,
659 4087 768 4175 parari
777 4085 906 4156 videtur
918 4089 1211 4158 caussaevictoriat
1223 4123 1270 4146 --

98 4204 220 4274 Verum
238 4205 403 4275 enimvero
429 4225 487 4273 nos
515 4225 578 4274 non
600 4207 828 4280 vaticinamur.
875 4207 944 4276 Non
969 4207 1130 4274 humanae
1147 4213 1197 4274 est
1219 4227 1269 4276 sa.

96 4323 237 4418 pientiae
260 4342 312 4398 res
333 4323 460 4394 laturas
482 4325 677 4413 praedicere.
723 4328 810 4398 Deus
830 4334 900 4407 cst,
924 4327 1010 4396 Deus
1033 4326 1188 4412 inquam,
1212 4330 1267 4416 qui
