3046 5036
656 358 704 432 lo

100 549 156 618 vel
183 551 361 640 neglexisse
383 551 527 630 viderer,
563 569 626 637 qua
654 568 773 620 novum
799 567 851 616 me
882 547 1044 618 hominem
1074 549 1221 638 excipere
1242 555 1276 618 ct

98 672 253 759 prosequi
265 671 353 739 haud
370 669 534 758 dedignati
549 667 658 738 ruistis
670 668 907 738 humanitatem
924 673 957 736 et
973 667 1161 737 amicitiam.
1185 668 1276 736 llanc

98 808 178 856 vero
193 791 243 857 uti
264 790 398 878 plurimi
413 789 496 858 facio
514 797 547 857 et
563 787 770 857 vehementer
787 794 918 878 expeto,
941 788 987 856 ita
1010 807 1070 857 neo
1090 787 1275 856 defuturam

98 907 245 1003 maliolo,
268 887 365 989 dum,
388 907 627 996 gratulantibus
640 906 749 989 robis,
772 907 808 974 in
823 905 1022 996 amplissimo
1035 913 1144 977 vestro
1163 905 1278 978 ordine

98 1027 171 1116 ipse
193 1027 301 1096 locum
324 1047 502 1118 capescam.
549 1025 633 1095 lllud
663 1045 740 1094 vcro
762 1026 899 1108 scitote,
929 1025 1084 1114 collegam
1105 1047 1162 1096 ros
1186 1046 1276 1096 accc·

98 1141 205 1236 pisse,
228 1155 374 1227 vestrae,
398 1166 463 1236 qua
485 1144 736 1214 comedatissimi
759 1143 1184 1226 estis,1audiseultorem;
1207 1147 1276 1215 cui·

100 1287 166 1355 que
187 1265 269 1334 illud
285 1265 427 1333 maxime
446 1283 544 1332 curae
563 1265 627 1332 erit
646 1263 817 1354 nardique,
839 1270 896 1345 ut,
919 1283 996 1332 cum
1015 1263 1117 1333 animi
1138 1265 1277 1338 candore

99 1393 134 1452 et
162 1385 370 1472 integritate,
403 1391 475 1452 tum
496 1403 556 1472 pro
586 1385 752 1452 communi
778 1383 949 1452 literarum
975 1391 1008 1452 et
1030 1383 1276 1473 disciplinarum

100 1501 321 1571 emolumento
338 1503 469 1584 ardore,
492 1501 632 1572 scrobis
652 1501 871 1580 commendeti

146 1623 189 1691 lit
205 1622 284 1691 haec
300 1642 338 1690 ca
352 1629 450 1702 sunt,
473 1620 592 1711 quibus
613 1620 704 1688 vobis
726 1640 854 1710 quoque
875 1641 929 1690 me
947 1641 1017 1690 esse
1031 1629 1202 1712 acceptum
1220 1642 1276 1692 cu·

98 1744 153 1832 pio
183 1741 429 1812 Generosissimi
463 1739 700 1822 adolescentcsl
735 1739 825 1808 rolris
858 1738 1009 1828 inprimis
1038 1741 1275 1810 commilitones

99 1861 236 1950 Optimil
261 1862 319 1949 qui
335 1860 376 1928 ad
392 1859 688 1949 praeclarissimum
706 1879 764 1928 vos
786 1857 956 1946 accingitis
972 1859 1193 1928 annunciandi
1207 1859 1276 1929 Eu-

98 1979 220 2067 angelii
241 1981 381 2044 munusl
427 1979 587 2066 Equidem
608 1977 776 2046 vobiscum
798 1976 980 2066 praeclaros
998 1977 1096 2046 hosce
1116 1978 1204 2046 viros
1223 1997 1273 2046 co·

98 2100 148 2178 lo,
172 2104 206 2166 et
227 2103 370 2164 vestram
394 2093 580 2165 felicitatem
603 2096 717 2176 laudo,
740 2095 858 2185 quibus
881 2095 961 2164 tales
983 2095 1101 2164 hahere
1119 2094 1219 2163 duces
1241 2103 1275 2164 ct

96 2223 322 2308 praeceptores
346 2215 523 2302 contingat.
570 2215 693 2283 Horum
710 2233 787 2282 vero
809 2215 843 2280 in
859 2233 996 2282 numero
1010 2215 1040 2282 si
1054 2215 1124 2304 jam
1142 2235 1162 2284 a
1183 2213 1276 2283 rolris

97 2334 250 2404 omnibus
272 2333 384 2401 heberi
415 2335 483 2422 ipse
503 2335 617 2423 cupio,
639 2335 686 2401 ita
705 2331 765 2401 hoc
787 2331 892 2410 facio,
917 2340 955 2402 ut
977 2333 1094 2402 ducem
1114 2351 1168 2402 me
1190 2333 1275 2402 acci·

97 2457 195 2548 piatis
214 2453 311 2522 velim
329 2459 434 2520 aetate
453 2451 544 2520 vohis
562 2453 766 2542 propiorem,
789 2451 844 2520 eui
863 2459 956 2540 grata
971 2471 1099 2542 semper
1115 2451 1178 2520 erit
1198 2471 1273 2522 con·

97 2574 234 2645 suetudo
265 2580 298 2640 et
328 2570 532 2640 familiaritas
555 2579 684 2650 vestra;
718 2571 836 2658 cuique
865 2570 950 2656 nihil
972 2571 1155 2662 exoptatius
1188 2571 1274 2649 erit,

98 2694 265 2783 antiquius
281 2690 379 2771 nihil,
400 2710 498 2778 quem
517 2692 606 2758 omni
621 2689 729 2758 lelrore
743 2695 777 2755 et
792 2687 900 2755 studio
919 2688 1096 2758 commodis
1114 2689 1273 2758 inservire

97 2815 215 2882 vestris
245 2819 343 2899 etque
370 2811 405 2876 in
433 2810 528 2903 istis,
559 2827 639 2898 quas
669 2805 821 2896 profiteor
850 2806 1052 2898 disciplinis,
1082 2828 1271 2897 germanam

100 2931 189 2998 rolris
205 2937 386 2998 monstrare
404 2931 513 3010 viam,
537 2946 602 3019 qua
619 2925 661 2994 ad
682 2924 888 3016 Theologiam
905 2926 1068 2998 accedatis
1089 2925 1273 3006 liberalem,

98 3049 244 3148 doctam,
267 3050 369 3137 piam,
394 3069 470 3120 vere
492 3046 724 3118 Christianam!

608 3428 755 3512 nrxr.
