3046 5036
792 350 837 424 12

226 545 464 625 Orientalibus,
488 544 618 613 Graecis
638 551 670 612 et
691 543 836 625 batinis,

360 665 495 755 Mogros
509 665 550 732 cb
571 666 692 752 integro
711 685 820 730 rerum
838 662 919 731 milri
939 662 1078 730 noscitur
1096 662 1180 730 crdo.

225 782 468 854 Procedendum
499 785 534 850 in
560 783 708 871 Europae
730 788 841 872 partes
862 783 1062 870 superiores,
1094 777 1295 870 adpopulos
1323 780 1408 850 Ger·

224 906 390 982 manicos,
413 903 471 991 qui
495 903 638 970 Romano
661 901 795 970 subacto
820 902 974 989 imperio,
997 907 1224 990 superatarum
1252 901 1407 987 gentium
1512 919 1513 1008 p

225 1042 301 1091 cum
320 1041 428 1090 mores
447 1027 519 1090 tum
536 1039 629 1088 sacra
644 1021 857 1108 accipientes,
881 1020 915 1086 in
938 1019 1101 1088 Ecclesiae
1120 1016 1311 1106 prodierunt
1332 1038 1407 1086 sce-

219 1157 301 1210 nam
328 1147 361 1208 et
388 1146 497 1228 partes
520 1140 555 1206 in
577 1158 615 1208 ea
638 1146 776 1227 egerunt
798 1138 968 1206 maximas.
1014 1137 1074 1204 llic
1099 1156 1175 1204 vero
1197 1134 1285 1204 dicat
1309 1137 1406 1224 quis:

224 1269 262 1330 tu
285 1259 392 1348 quiin
411 1258 599 1347 dogmatum
623 1255 759 1324 historia
777 1255 912 1324 hnmani
929 1256 1051 1343 ingenii
1073 1255 1330 1343 progressionem
1346 1275 1404 1322 ex-

223 1378 352 1468 ploras,
373 1384 453 1444 tune
473 1377 575 1464 igitur
592 1395 651 1444 nos
674 1375 806 1444 tandem
823 1374 865 1444 ad
883 1375 1021 1454 Gothos,
1045 1373 1218 1454 vandalos,
1242 1373 1402 1442 Norman·

222 1515 281 1565 nos
304 1503 340 1564 et
356 1494 572 1562 ferocissimos
591 1514 735 1583 quosque
752 1493 886 1583 populos
902 1492 1058 1561 abducis?
1091 1492 1218 1562 Siccine
1236 1491 1329 1559 nobis
1347 1493 1402 1561 via
1513 1565 1514 1580 ἶ

222 1611 346 1705 patebit
365 1612 406 1680 ad
425 1611 550 1680 cultum
562 1619 595 1680 ct
613 1611 874 1720 humanitatem?
906 1609 1400 1691 Fatecrrl.b.,1ncultxsbxscc
1513 1583 1514 1620 ³

223 1731 494 1802 invalescentibus
516 1729 664 1820 populis,
672 1702 793 1798 ruisse
816 1729 850 1798 in
871 1729 1016 1798 deterius
1034 1737 1164 1799 cuncta.
1211 1728 1306 1798 Salva
1329 1731 1400 1818 qui·

221 1851 297 1922 dem
328 1851 450 1919 mansit
476 1849 734 1916 Christianorum
761 1848 923 1928 Ecclesia,
937 1851 1075 1938 quippe
1104 1849 1199 1938 cujus
1228 1856 1398 1918 externam
1514 1835 1515 1900 l

221 1971 363 2039 maxime
385 1967 521 2035 lcrmam
550 1967 630 2035 satis
661 1966 789 2036 firmam
813 1975 846 2036 ct
873 1967 1073 2057 splendidam
1104 1966 1289 2038 reddiderat
1311 1969 1398 2037 Lati·

221 2109 338 2160 norum
368 2087 541 2177 praecipua
571 2085 621 2154 vel
645 2085 742 2154 unica
775 2107 857 2156 cura
876 2107 923 2156 ac
946 2085 1138 2156 sollicitudo.
1184 2088 1290 2177 Ipsius
1320 2109 1398 2156 uero

221 2207 387 2295 religionis
408 2225 485 2273 vera
507 2206 592 2274 ratic
615 2213 713 2294 atquc
738 2207 789 2274 vis
811 2205 878 2276 iere
896 2208 994 2296 periit
1020 2207 1136 2275 omnis.
1182 2207 1398 2300 Longe-enim
1515 2279 1516 2282 ,

219 2328 349 2415 lateque
371 2323 599 2393 dominabatur
623 2323 809 2405 barbaries,
833 2325 914 2393 nibil
935 2345 1020 2407 non,
1043 2325 1129 2415 quod
1148 2326 1262 2396 Gracci
1280 2327 1397 2396 Roma-

221 2447 322 2534 nique
344 2449 512 2533 supererat
535 2440 666 2522 cultus,
696 2461 825 2510 summo
851 2442 962 2513 lurore
995 2443 1203 2518 devastans·
1228 2446 1396 2534 Tantaque

107 2609 110 2620 ·
220 2563 368 2633 omnium
397 2569 611 2650 occupaverat
640 2567 769 2632 mentes
797 2564 1006 2650 superstitio,
1041 2572 1079 2632 ut
1106 2563 1188 2633 nibil
1213 2571 1300 2633 esset
1325 2571 1395 2633 tam

220 2685 389 2773 ineptum,
421 2688 490 2748 tam
513 2681 595 2749 nibil
617 2681 790 2761 absonum,
813 2680 900 2770 quod
919 2703 983 2750 non
1006 2681 1101 2752 modo
1123 2703 1188 2751 non
1210 2684 1390 2773 acciperent

219 2800 320 2890 hujus
335 2800 407 2868 aevi
425 2799 619 2880 Christiani,
642 2800 698 2870 sed
719 2821 796 2869 vero
814 2799 980 2891 tamquam
1000 2802 1147 2871 divinum
1162 2797 1393 2870 venerarentur

218 2919 371 3008 omniqua
402 2925 674 3008 prosequerentur
704 2917 837 2988 bonore,
882 2923 922 2990 ln
952 2921 1005 2990 bis
1034 2921 1261 2990 omnino‘aevi
1295 2917 1394 2988 medii

218 3037 367 3128 procellis
378 3045 411 3106 et
423 3037 687 3126 tempestatibus,
702 3046 770 3106 tam
783 3036 937 3107 deformis
955 3039 1041 3108 lacta
1060 3047 1110 3108 est
1129 3048 1162 3108 et
1173 3036 1305 3109 horrida
1323 3037 1392 3126 pul·

219 3157 378 3225 cerrimae
409 3155 576 3244 religionis
597 3155 761 3236 conditio,
793 3165 830 3225 ut
852 3157 966 3227 Glauci
989 3157 1165 3227 simulacro
1185 3163 1271 3227 esset
1293 3154 1393 3224 simil·

218 3275 313 3354 lima,
338 3274 433 3364 cujus
453 3275 626 3363 pristinam
650 3273 786 3346 formam
818 3277 981 3368 decusque
1003 3276 1184 3348 aestuantis
1205 3275 1307 3343 maris
1337 3273 1391 3342 de-

217 3394 379 3462 triverant
396 3392 526 3461 lluctus.

263 3630 348 3715 Quid
371 3631 495 3720 igitur?
541 3631 661 3701 Caussa
691 3635 891 3716 cecidimus,
916 3656 1014 3727 quam
1044 3655 1140 3725 agere
1164 3641 1197 3704 et
1226 3611 1392 3728 uindicare

216 3750 458 3819 sustinuimus?
483 3753 584 3821 Hicne
604 3751 722 3822 desinit
746 3755 793 3822 ita
815 3755 951 3824 humani
971 3755 1094 3845 ingenii
1118 3753 1172 3822 illa
1191 3751 1391 3842 progressio,

216 3889 299 3960 qnae
311 3869 344 3936 in
357 3868 545 3958 dogmatum
557 3870 681 3939 bistora
700 3873 857 3944 hactenus
868 3875 960 3945 nobis
971 3873 1100 3964 patuit?
1123 3911 1170 3924 -
1185 3869 1236 3939 llli
1247 3869 1308 3937 hoc
1323 3888 1390 3936 cre·

215 3989 312 4068 dant,
334 3989 391 4077 qui
406 4007 459 4056 res
475 3987 633 4058 humanas
648 4011 763 4080 parum
784 3995 1032 4083 perspicientes,
1056 3989 1390 4066 haudobservarunt,

216 4118 343 4198 torperc
376 4107 512 4176 subinde
546 4107 726 4178 bumanum
750 4113 935 4200 ingenium,
970 4110 1098 4202 quando
1124 4128 1223 4178 novas
1257 4108 1390 4176 interim

214 4226 300 4294 vires
323 4226 465 4314 colligit,
499 4247 562 4316 quo
585 4225 747 4298 efficacius
776 4239 893 4319 postea.
906 4231 947 4301 ad
970 4251 1098 4301 summa
1117 4229 1225 4297 omnia
1260 4233 1389 4296 conten·

215 4343 281 4418 dat.
336 4345 385 4412 llli
420 4349 466 4414 sic
493 4347 698 4429 existiment,
729 4369 808 4438 quos
837 4369 942 4442 neque
972 4351 1089 4422 'faciti'
1106 4349 1253 4430 libellus,
1285 4330 1389 4437 neque
