3046 5036
819 364 868 440 32

255 564 349 632 niati
368 565 402 630 in
422 561 512 630 huno
533 577 636 646 empne
653 557 740 649 diem
753 559 894 649 prodest
908 554 1128 645 limitatio-iile
1147 557 1289 631 timeoat
1321 563 1367 634 nt
1387 566 1454 653 pie

253 682 345 751 nodis
369 677 643 750 reserandaest.
654 677 885 768 benignissima
903 678 952 748 rei
971 676 1308 755 otnstianaetavens
1327 701 1446 763 enra,

253 805 336 889 q‘nae
354 798 442 888 qnod
455 797 843 888 ²mainm1videbaton.et
861 795 1104 886 deplorandum
1132 817 1265 894 prorsps
1286 799 1322 868 in
1348 799 1447 870 bona
1513 883 1514 894 χ

254 919 363 988 omnia
386 916 548 989 otdausta
569 916 682 988 cedere
706 916 860 1005 jusserit!
882 953 942 988 2-
974 915 1159 1007 Hae·‚‚:ago,
1183 917 1445 992 imeindieanda

255 1045 375 1126 oanssa
392 1037 498 1104 omnis
512 1036 581 1126 jam
603 1042 752 1106 versetur
771 1035 874 1104 oratio
895 1017 1035 1107 παίω
1135 1051 1137 1058 ·

300 1277 343 1344 nt
361 1276 642 1365 magnasquidem.
657 1278 730 1367 jam
746 1273 910 1346 onoitatur
931 1273 1025 1348 nobis
1047 1274 1181 1348 Divinae
1209 1274 1308 1364 plone
1334 1293 1440 1346 ennae

253 1397 395 1486 suspicio
406 1403 417 1476 ,⁴
440 1397 469 1464 si
492 1395 647 1464 Graecam
665 1392 865 1473 neemiam
888 1413 946 1483 per
964 1399 1013 1463 tot
1027 1392 1298 1482 jamseondorum
1318 1394 1438 1470 deour·

253 1533 346 1594 snm,
370 1516 405 1582 in
428 1513 545 1586 mediis
568 1515 641 1582 istis
663 1513 866 1602 gravissimis
888 1514 1070 1594 aerumnis,
1093 1512 1356 1594 difficultatibus,
1380 1535 1437 1603 pe·

253 1634 384 1722 rietatis,
400 1641 440 1701 et
460 1641 629 1721 superesse
651 1639 684 1701 et
698 1633 751 1700 sni
771 1632 866 1721 plane
885 1633 978 1721 juris
994 1633 1154 1704 mansisse
1177 1631 1429 1705 consideremus

255 1753 325 1822 Noti
347 1753 438 1820 enim,
457 1750 601 1840 protento
619 1758 678 1820 ant
692 1759 806 1840 sponte
823 1751 903 1832 hoo,
919 1759 984 1824 'ant
1004 1750 1095 1820 iaoili'
1111 1752 1244 1839 nogotio,
1258 1752 1434 1828 italorum

254 1871 393 1940 hahnit'
414 1873 596 1940 'inreardm
609 1872 758 1962 rogitetis
777 1869 1012 1942 infensissimos
1024 1868 1096 1964 iilos
1108 1877 1221 1938 eontra
1236 1872 1434 1962 Byzantinos

255 1993 465 2080 progressus,
487 1991 684 2060 Graecorum
706 2010 770 2082 non
793 1992 934 2080 Imperio
957 1996 1086 2060 tantam
1110 1988 1171 2064 sed
1189 1989 1360 2086 Ecclesiae
1373 1993 1433 2058 mi-

254 2111 398 2178 nitantes
414 2111 591 2178 interitum
603 2133 623 2188 ;·
635 2131 695 2180 neo
718 2131 796 2200 pane
815 2111 903 2199 qnid¹
917 2108 991 2178 iore
1007 2109 1111 2196 magis
1138 2111 1320 2198 expetitum,
1337 2111 1432 2182 Grae·

254 2230 304 2308 pis
323 2235 357 2296 et
382 2233 577 2319 exoptatam.
597 2228 766 2309 dixeritis,
796 2249 896 2318 quam
917 2230 1070 2298 restituta
1090 2227 1337 2318 qualiscumque
1361 2238 1432 2306 tan·

255 2346 330 2436 dem
356 2367 431 2414 enm
449 2348 583 2414 „Latinis
608 2346 789 2416 eoncordia.
812 2387 859 2400 -·
882 2347 946 2416 Sed
971 2349 1107 2422 Romam
1133 2347 1230 2416 velim
1259 2349 1431 2435 cogitetis:

255 2467 393 2534 Romam
425 2466 576 2552 inquam,
607 2466 829 2536 noninoertis
852 2466 996 2556 amplius
1019 2466 1172 2556 passmm
1200 2466 1241 2534 ad
1266 2467 1433 2538 Eoolesiae

256 2583 484 2660 monarohmm'
505 2584 753 2673 pmoeddntem;
775 2585 832 2657 sed
853 2586 1001 2657 omnium
1016 2586 1086 2674 J'am
1107 2587 1141 2654 in
1164 2586 1295 2674 noropa
1319 2605 1429 2657 rernm

256 2703 350 2772 faede
371 2703 546 2772 dominam.
570 2705 660 2772 Hane
683 2705 869 2793 proponatis
887 2704 998 2788 tobiae
1019 2703 1114 2780 modo
1127 2705 1249 2779 matris
1269 2705 1365 2770 instar
1382 2702 1423 2768 ab
1512 2709 1513 2738 ³

256 2842 376 2903 amore,
398 2825 557 2912 periendo,
580 2825 717 2892 interitu
734 2822 1074 2902 rememoratione
1094 2822 1189 2893 modo
1207 2823 1427 2918 severissimae

258 2941 591 3026 similem'dnminae,
615 2963 741 3014 servam
769 2957 862 3014 susm
879 2941 922 3014 ad
940 2919 1135 3031 obsequium·
1154 2949 1342 3020 somniem,
1364 2959 1430 3008 om·

256 3061 417 3148 nilidsqne
436 3057 561 3130 nimbos
582 3069 764 3148 nogentem
788 3093 835 3112 -··
856 3059 979 3131 Verum
995 3081 1059 3131 non
1075 3062 1125 3142 vi,
1147 3081 1214 3131 non
1233 3059 1306 3138 dolo
1324 3059 1432 3147 frangi

257 3183 604 3269 potuerunt'caiissam
620 3189 713 3248 snam
735 3178 871 3265 et‘jura·
885 3177 1121 3251 vindicantium
1143 3180 1340 3256 dramatum
1363 3181 1433 3252 ani-

256 3299 318 3366 mi!
342 3336 387 3350 -
412 3300 523 3367 Testes
543 3306 620 3366 sunt
640 3318 737 3388 qnae,
754 3297 827 3366 ΧΙΙο
842 3296 912 3385 jam
930 3297 1058 3378 seculo,
1081 3299 1210 3388 saepius
1229 3298 1333 3367 tantae
1353 3307 1432 3367 sunt

256 3418 446 3486 Latinorum
462 3416 504 3484 dd
523 3417 667 3486 (insenos
678 3417 872 3505 legationes,
895 3415 1144 3494 frostraomnos
1157 3433 1309 3514 &mopere
1327 3417 1432 3490 schis-

255 3557 325 3605 ma,
344 3541 519 3604 tentantes.
577 3537 699 3604 'iestis'
715 3536 777 3604 illa.
801 3555 907 3622 qnae,
942 3535 1028 3612 inter
1046 3559 1049 3567 ·
1065 3554 1174 3634 sacras
1213 3535 1434 3624 expeditiones

253 3661 373 3744 quarta
391 3655 464 3724 ‘iere
481 3654 643 3724 r'eoenseri
658 3653 760 3734 solet,
783 3653 870 3722 haud
884 3654 993 3741 'magis
1010 3661 1132 3732 eontra,
1148 3654 1327 3727 Sonaoenos
1339 3656 1433 3732 insti·

254 3778 329 3842 tnta
348 3775 523 3842 Christiani
541 3773 682 3842 nominis
700 3772 828 3852 hostes,
846 3793 950 3862 quom¹
964 3773 1318 3852 eontra,·sohismatieos
1335 3773 1432 3844 Grae·

254 3894 324 3976 nos'.
370 3892 476 3959 Testis
505 3893 695 3962 Latinorum
721 3905 856 3966 saevum
886 3893 985 3972 illud,
1012 3893 1216 3981 permultos
1246 3911 1368 3973 annos,
1395 3895 1433 3964 in

256 4011 332 4080 sede
359 4012 538 4103 Byzantina
563 4013 752 4101 Imperium.
811 4012 922 4080 Testes
948 4029 1025 4078 vero
1052 4011 1115 4098 ipsi
1142 4010 1190 4081 itti
1216 4011 1434 4100 Imperatores

255 4132 387 4213 (trasei,
404 4153 491 4220 qnos.
504 4131 653 4220 abjurare
667 4132 831 4210 schisma,
851 4130 1006 4201 Graeoom
1025 4149 1101 4202 voro
1118 4129 1298 4210 Eoolesiam
1315 4130 1433 4200 Roma·

255 4255 317 4319 nae
332 4251 538 4333 sniimittere,
553 4253 622 4322 sive
638 4253 832 4324 Latinorum
845 4249 914 4318 sive
931 4249 1113 4328 tunsarum
1129 4256 1236 4330 metus
1253 4250 1373 4337 redegit.
1384 4289 1432 4306 -

255 4369 389 4438 irritum
415 4375 505 4442 enini
537 4373 620 4453 tuit,
654 4391 719 4460 qno
746 4371 817 4456 jam
844 4368 1051 4450 exsultabant
1081 4370 1202 4441 summi
1236 4367 1430 4468 Pontifices,
