3046 5036
798 319 849 396 38

240 527 357 604 matris
379 525 504 599 instar,
526 535 606 586 cura
641 534 699 584 sua
730 520 764 582 et
793 515 930 582 caritate
956 512 1301 592 Ecclesiamliussiae
1329 517 1429 590 fovit.

241 648 296 720 Sic
322 645 440 716 Divina
465 636 653 710 moderante
683 633 803 702 accidit
827 634 907 702 eura
919 679 929 714 ,
960 642 997 702 ut
1017 653 1129 702 omnes
1159 634 1246 716 inter
1268 637 1430 726 populos,

241 769 320 858 qui,
344 765 384 832 ab
403 761 532 830 Euxino
551 757 652 823 Ponto
671 751 712 820 ad
730 753 818 822 liare
839 751 978 822 Glaciale
1003 774 1121 842 usque,
1147 753 1327 824 Orientales
1358 757 1429 826 Eu·

198 962 203 970 ,
241 905 339 977 ropac
357 888 466 972 partes
484 873 646 952 incolunt,
667 873 737 960 jam
756 880 831 940 anto
851 871 1129 961 quintodecimum
1153 873 1316 956 seculum,
1340 874 1431 944 laete
1496 910 1497 948 1

200 1066 203 1082 ι
244 1002 385 1076 creverit
406 997 527 1066 Christi
549 993 685 1084 religio,
709 1000 742 1062 et
769 1011 864 1069 vero,
886 999 945 1072 ut,
968 991 1244 1081 Constantinopoli
1274 1002 1371 1083 capta
1396 1003 1432 1064 et

246 1242 390 1314 Ecclesia
408 1239 548 1316 Graeca,
564 1253 681 1302 novam
701 1230 781 1300 baec
800 1238 834 1303 et
854 1231 1053 1305 tutissimam
1067 1232 1153 1322 apud
1171 1232 1316 1306 boreales
1330 1233 1433 1304 hosce
1498 1230 1499 1240 ’

246 1361 381 1458 populos
404 1357 513 1428 sedem
537 1352 710 1422 invenerit.

293 1483 375 1549 Rem
399 1477 568 1564 attigimus
588 1474 625 1540 A.
646 1471 701 1544 tr
726 1489 830 1558 quae,
853 1470 903 1536 uti
931 1471 1077 1548 omnium
1110 1471 1252 1538 manime
1283 1472 1431 1540 animad-

248 1597 405 1670 vertenda
423 1603 474 1666 est
489 1591 690 1684 temporibus
708 1589 849 1668 nostris,
872 1588 920 1658 ita
940 1587 982 1658 ad
999 1587 1227 1662 vindicandam
1246 1605 1345 1678 quam
1363 1593 1430 1680 agi.

251 1739 326 1794 mus
349 1733 481 1788 causam
505 1712 634 1800 egregie
656 1708 753 1778 raet,

298 1809 491 1910 Aretissimo
511 1835 630 1920 juncta
660 1837 710 1900 est
732 1827 862 1898 vinculo
883 1827 1030 1896 Ecclesia
1052 1827 1174 1894 Graeca
1201 1848 1278 1901 eum
1307 1831 1431 1918 ingenti

255 1957 310 2033 illo
333 1957 514 2024 Russorum
533 1951 684 2040 imperio.
731 1947 816 2016 llinc
835 1945 978 2036 proiecto
995 1953 1106 2036 patet,
1129 1955 1289 2034 quantum
1312 1951 1355 2018 sit
1373 1951 1434 2024 Ec·

253 2077 372 2147 clasiae
402 2073 500 2162 buJ‘ns
528 2078 641 2140 nostra
670 2075 777 2136 astate
803 2075 1027 2146 momentum,
1061 2075 1095 2134 et
1126 2087 1203 2139 voro
1236 2073 1434 2157 exspectatio

255 2196 397 2286 qnantal
433 2192 547 2262 Prouti
569 2190 657 2258 enim
689 2188 856 2256 Divinitas
879 2186 949 2274 jam
979 2185 1140 2254 destinata
1171 2184 1250 2267 luit,
1281 2196 1320 2255 ut
1349 2191 1433 2260 tanti
1504 2186 1505 2206 ¹

256 2313 390 2407 Imperii
415 2310 560 2383 subditos
583 2314 617 2376 et
639 2306 817 2392 Religionis
838 2305 912 2372 luca
938 2303 1139 2378 christianae
1161 2303 1292 2387 bearet,
1315 2316 1349 2376 et
1375 2309 1435 2378 boc

257 2432 354 2503 modo
383 2429 424 2498 ad
445 2427 571 2500 cultum
594 2424 770 2498 adduceret
789 2430 822 2492 et
844 2421 1102 2500 humanitatem
1124 2424 1171 2490 ita
1194 2441 1285 2504 sane,
1307 2430 1438 2514 proin.

259 2550 347 2638 signi
373 2567 437 2636 quc
460 2553 510 2618 est
539 2547 644 2634 posita
667 2544 754 2626 loco,
778 2545 813 2610 in
832 2561 962 2610 omnem
985 2543 1118 2630 Imperii
1140 2542 1239 2631 hujus
1257 2544 1435 2628 rationem,

260 2671 296 2738 in
316 2683 507 2757 progressus
526 2665 597 2753 ejus
612 2671 645 2732 et
662 2661 744 2743 iata,
766 2681 831 2730 non
849 2662 969 2752 peterit
987 2679 1053 2730 non
1072 2663 1273 2752 inposterum
1285 2682 1429 2753 magnam

261 2786 487 2860 efficacitatem
507 2783 638 2854 babere.
687 2781 808 2871 Quodsi
836 2780 1099 2860 consideramus,
1124 2780 1218 2868 quale
1245 2783 1316 2868 jam
1345 2785 1436 2884 bodie

248 2879 307 2980 xait
328 2904 419 2979 istud
447 2903 583 2973 bussiae
608 2921 763 2990 regnum:
788 2919 888 2988 quam
910 2900 976 2968 late
1006 2907 1138 2988 patens,
1171 2909 1296 2988 quanta
1318 2905 1438 2992 pollens

261 3025 428 3117 potentia,
451 3022 565 3115 qiuari
584 3029 617 3088 et
635 3020 829 3092 auctoritate
847 3019 979 3108 politica
998 3018 1032 3098 in
1051 3017 1193 3106 reliquos
1211 3039 1325 3092 omnes
1339 3024 1440 3094 nno.

263 3163 323 3240 pae
345 3141 479 3230 populos
507 3157 621 3227 agens,
644 3146 842 3232 quantorum
861 3137 1002 3228 donique
1024 3137 1299 3214 incrementorum
1319 3158 1443 3232 capax;

264 3260 424 3350 stupenda
439 3258 584 3348 protecto
598 3249 776 3328 arrctoritas
792 3265 860 3338 est,
883 3277 983 3346 quam
997 3258 1031 3326 in
1050 3256 1120 3330 dies
1135 3257 1241 3343 magis
1258 3261 1443 3349 magisque,

265 3380 300 3449 in
323 3397 453 3448 omnem
474 3379 623 3466 Europae
648 3376 890 3454 conditionem,
922 3383 955 3444 et
977 3375 1142 3468 politicam
1172 3383 1206 3442 et
1236 3377 1443 3465 religiosam,

266 3504 357 3586 areta
380 3497 436 3569 illa
455 3496 675 3569 habiturust
696 3497 861 3567 Ecclesiae
887 3495 1028 3564 Graecae
1054 3513 1129 3564 eum
1149 3495 1286 3574 Ruscino
1304 3497 1447 3592 lmperic

266 3617 483 3692 necessitudol
507 3653 554 3668 -
576 3614 742 3685 indicasse
760 3616 822 3684 boc
845 3635 944 3703 quam
967 3615 1152 3704 exposuisse
1174 3617 1361 3704 praestabit.
1408 3619 1447 3690 Id

267 3756 345 3818 vero
374 3737 503 3810 cunctis
525 3737 674 3824 Europae
696 3734 842 3824 populis,
874 3733 908 3802 id
937 3751 1071 3827 caussae
1090 3734 1240 3822 inprimis
1255 3736 1448 3806 Protestan-

268 3853 354 3921 tium
376 3853 534 3938 gratulari
561 3856 678 3928 merito
696 3853 793 3922 licet:
822 3853 908 3942 quod
929 3853 1015 3942 apud
1038 3854 1159 3926 Russos
1181 3853 1307 3940 Religio
1332 3862 1365 3922 et
1386 3855 1448 3928 Ec

268 3969 367 4041 clesia
386 3971 511 4058 vigeat,
534 3993 617 4060 quae
637 3993 701 4040 non
720 3993 740 4040 a
758 3970 882 4045 Christi
899 3974 933 4040 in
949 3973 1046 4042 terris
1063 3973 1120 4064 qui
1138 3971 1296 4044 dicantur
1311 3975 1450 4044 Victoriis

270 4088 429 4178 pendeat;
452 4091 486 4158 in
517 4111 615 4178 quam
640 4093 792 4174 immanis
819 4091 907 4162 baud
934 4092 1057 4161 saeviat
1087 4093 1286 4162 lesuitarum
1318 4093 1449 4172 cohors:

272 4211 326 4276 cui
349 4231 413 4278 non
439 4209 503 4278 alta
538 4211 676 4280 insideat
707 4219 816 4278 mente
839 4212 873 4276 in
904 4209 1102 4282 Christianos
1125 4231 1237 4280 omnes
1263 4211 1449 4284 dominandi

272 4319 406 4416 cupido;
434 4349 516 4416 quae
546 4350 621 4398 vero
648 4329 883 4404 liberalioribus
900 4329 1027 4404 ,studiis
1057 4331 1175 4410 dareta,
1207 4353 1269 4402 non
1297 4352 1332 4400 se
1356 4333 1451 4404 unice
