3052 5028
656 369 813 443 81.

99 685 153 756 Aa
179 683 602 783 Quaestionemhiteroriam
623 701 686 748 una
710 679 1061 750 commutationum
1081 690 1126 750 est
1148 683 1267 752 Fami·

142 805 210 874 toti.
262 802 404 882 Quaestio
430 802 506 870 haee
530 811 608 870 mat.
644 797 719 866 »Eu
739 798 871 887 judiciis
904 798 1136 882 Romanorum,
1171 811 1201 872 et
1227 825 1268 872 aas

143 923 288 1012 »seriptis
312 922 544 990 Historieorum
561 919 733 1010 exemplis,
757 918 812 1007 qni
832 919 1000 988 astiterunt
1021 921 1094 989 inde
1115 943 1135 989 a
1153 921 1270 1012 Syllae

144 1041 326 1110 »Dictaeum
349 1063 447 1130 usque
468 1041 511 1107 od
523 1039 664 1128 dupusti
679 1037 909 1126 principatum,
932 1037 1157 1110 demonstretur
1175 1063 1270 1132 quom

143 1161 313 1228 »rationem
355 1159 528 1226 historiae·
547 1157 772 1244 componendae
805 1157 1045 1246 scribendaeque
1074 1159 1134 1229 ilia
1171 1173 1272 1232 aetate

144 1279 303 1345 »manime
318 1276 551 1365 probaverint.”
573 1313 620 1324 -
644 1274 879 1353 commentatio,
904 1297 983 1364 quae
1006 1275 1056 1344 his
1071 1279 1173 1347 nubis
1194 1279 1269 1350 Vos·

145 1416 201 1475 sn,
225 1417 251 1462 e-
265 1393 344 1462 libro
367 1394 405 1461 de
428 1397 511 1463 Arte
535 1392 713 1472 Historiae,
737 1373 860 1483 siponto
883 1405 974 1463 erat:
999 1396 1141 1466 »abunde
1163 1400 1223 1467 erit
1244 1403 1272 1468 si

146 1513 263 1581 »Mami
280 1512 402 1579 dentem
421 1512 604 1600 olisepona?
626 1511 668 1578 iis
690 1513 793 1580 aubis
809 1521 838 1580 et
853 1513 946 1580 rebus
965 1517 1131 1603 composita
1150 1519 1272 1586 videba-

143 1615 214 1713 tur,
236 1639 272 1699 ut
292 1633 361 1718 ejus
375 1631 465 1698 nullu
485 1631 580 1719 plane
598 1631 677 1698 ratio
698 1632 808 1699 haberi
827 1634 966 1718 posset.”
1087 1611 1090 1616 ¹
1211 1609 1214 1616 ’

144 1872 211 1939 Hae
237 1870 298 1936 tihi
321 1869 542 1956 adjudicatum
563 1855 615 1936 est
638 1871 840 1956 praemium,
864 1867 1078 1942 ornatissime
1105 1873 1272 1945 Mannoon!

99 1989 140 2058 oh
162 1971 357 2075 descriptam
377 1984 512 2074 penieoti
539 1989 694 2073 sapientis
718 1989 913 2074 imaginem:
942 2009 1043 2076 qnare
1070 2011 1134 2059 non
1157 2013 1275 2062 aurum

100 2107 305 2198 potissimum
322 2104 381 2172 tihi
398 2085 560 2192 gratulor,
580 2105 636 2172 sed
654 2105 772 2174 laetam
791 2105 974 2193 imprimis,
994 2127 1091 2195 quam
1111 2111 1276 2193 excitasti,

100 2247 190 2316 spem
213 2223 299 2302 ione,
323 2231 381 2302 ut,
409 2223 514 2290 sobrie
541 2230 574 2291 ot
595 2225 766 2313 perspicue
788 2223 1062 2313 philosophando,
1094 2229 1135 2296 ad
1166 2251 1276 2300 venam

100 2345 292 2435 sapientiam
307 2349 339 2411 et
355 2344 423 2430 ipse
441 2343 621 2412 contendas·
635 2351 667 2410 et
683 2341 762 2411 alios
781 2343 891 2411 ducas.
939 2343 1005 2413 Hoo
1022 2343 1170 2434 religioso
1187 2369 1275 2438 agas.

98 2465 154 2534 Sio
178 2481 352 2552 germanus
375 2443 586 2549 Philosophus
610 2460 695 2528 idem
715 2463 780 2530 eris
799 2471 831 2530 et
852 2461 1032 2552 Theologus
1054 2467 1211 2554 optimus!
1259 2559 1263 2570 Ι

174 2869 417 2960 saansaan
441 2869 647 2954 oannis
675 2799 1205 2956 Jahn-eonsnnnonan.

126 3139 236 3206 »Ordo
260 3132 579 3203 tore-consonarum
605 3133 684 3200 duas
713 3134 830 3221 occepit
855 3134 1150 3202 Commentationes:
1182 3157 1278 3202 nnorn

147 3257 325 3326 distinctam
348 3252 451 3320 Pnnsn
472 3251 644 3319 audendo:

399 3370 479 3438 Rem
503 3369 612 3458 populi
636 3377 757 3437 tractas
759 3419 908 3440 .......

401 3490 469 3574 Quo
493 3488 617 3556 iaetus?
1296 3559 1300 3567 ,

149 3611 284 3680 atteram
305 3608 408 3674 nerhns
422 3608 586 3677 Hannnnn:
635 3609 711 3678 »nit
729 3607 813 3676 alien
833 3605 1066 3676 Staatsionmen
1081 3625 1122 3672 an
1140 3604 1207 3703 und
1227 3605 1280 3675 hir

150 3729 221 3800 sioh
246 3730 290 3797 ist
309 3727 418 3815 wenig
440 3727 577 3814 gethan,
600 3746 697 3794 wenn
717 3733 781 3794 eto.
983 3821 984 3824 Ἴ

104 3850 226 3920 Neutra
247 3867 319 3915 uara
347 3845 524 3924 Quaestioni
548 3844 711 3933 satisfecit.
759 3843 888 3911 Etenim
908 3865 979 3910 aem
1005 3843 1170 3932 eapiioatio
1189 3867 1281 3934 qnae·

94 3937 99 3950 Ι
150 3955 279 4038 inetur
298 3965 358 4033 toni
375 3965 421 4032 'de
444 3964 544 4032 triade
567 3962 714 4053 politian,
743 3963 861 4050 prioris
884 3963 1062 4050 scriptionis
1083 3973 1190 4032 auotor
1212 3970 1282 4052 op'e·

152 4109 225 4159 rom
240 4084 345 4177 posuit
365 4085 398 4150 in
416 4085 515 4150 uariis
537 4083 575 4150 de
585 4093 716 4150 'summo
740 4073 870 4170 imperio
893 4083 927 4148 in
945 4092 1052 4172 partes
1070 4081 1282 4150 distribuenda

154 4207 312 4277 sententiis
350 4201 569 4278 recensendis:
605 4202 687 4273 alter
719 4203 977 4294 disputationem,
1013 4200 1162 4290 quomoda
1198 4193 1284 4269 lours

155 4323 383 4397 eonstitnendns
418 4321 593 4402 uideretur,
627 4325 731 4411 affecit
767 4323 912 4412 quidem,
948 4321 1005 4390 sed
1029 4341 1102 4414 'non
1136 4303 1282 4418 oppiana·

1093 4441 1116 4508 a
