3052 5028
768 343 839 420 108
938 401 942 411 ι

169 629 173 640 1
218 541 323 606 strum
343 546 392 607 est
414 541 603 619 observaro;
626 559 684 631 per
708 557 843 628 magnas
866 537 937 606 illas
957 537 1124 607 hominum
1152 539 1393 626 aberrationes,

216 655 264 725 sic
291 657 406 726 saltem
425 659 467 728 ad
489 659 655 727 meliorem
679 659 799 726 sensim
824 659 858 725 in
891 659 988 726 terris
1011 679 1184 748 progressa
1206 665 1396 733 estcondi-

214 777 358 858 tionem,
380 785 419 846 ut
441 779 512 868 ip‘sa
542 777 596 846 illa
615 777 747 846 moralis
774 775 845 864 ejus
867 778 917 844 uis
939 797 977 844 ae
1001 781 1219 866 praestantia,
1242 787 1396 870 quamtis

214 904 445 984 saepenumero
467 896 571 965 latens
593 915 755 984 prorsus,
786 904 896 964 tamon
924 897 1051 967 occulto
1073 905 1235 967 cresceret
1259 908 1293 968 et
1315 921 1396 970 vero

213 1015 319 1102 magis
341 1013 491 1105 deinceps
511 1035 580 1084 sese
604 995 852 1104 adspectabilem
871 1015 1001 1084 laceret.

105 1223 107 1227 Ι
259 1133 302 1202 ht
328 1133 388 1201 hoc
415 1135 523 1222 ipsum
549 1142 599 1203 est
626 1135 663 1202 h.
685 1135 722 1203 Α.
750 1135 835 1222 quad
865 1136 969 1204 nostri
998 1135 1204 1224 potissimum
1234 1141 1396 1227 temporis

213 1269 272 1320 nos
294 1241 509 1321 consideratio
532 1253 655 1321 doceat.
703 1253 753 1322 Sit
776 1259 843 1334 ita,
866 1253 986 1334 multa,
1010 1252 1108 1320 eheu!
1132 1261 1165 1322 et
1190 1253 1286 1323 hodie
1310 1255 1396 1324 desi·

213 1371 342 1452 derasi,
365 1393 448 1461 quae
480 1391 570 1462 spem
604 1372 742 1453 iaciant,
762 1372 831 1461 jam
860 1371 929 1443 iore
956 1371 1089 1442 tandem
1115 1391 1154 1440 ae
1177 1371 1246 1441 iore
1276 1373 1394 1457 brevi,
1521 1431 1522 1458 ,

212 1499 250 1559 ut
272 1492 488 1580 Euangelium
510 1492 630 1559 Christi
654 1492 763 1559 nativa
782 1511 841 1558 sua
854 1489 1061 1577 simplicitate
1080 1489 1250 1558 hominum
1269 1494 1393 1584 animis

212 1631 282 1679 seso
314 1610 538 1691 commendet,
569 1631 669 1698 eoque
697 1612 747 1678 sic
772 1609 899 1689 valeat,
927 1615 965 1675 ut
994 1607 1149 1676 moralem
1176 1610 1308 1680 tandem
1338 1615 1391 1680 sui

209 1729 319 1797 videat
347 1729 493 1798 Ecclesia
530 1730 809 1797 instaurationem.
867 1727 972 1815 Hujus
1005 1735 1116 1794 tamen
1154 1726 1312 1798 desiderio
1348 1752 1388 1798 ac

209 1846 312 1914 veluti
332 1849 552 1936 expectatione
571 1848 631 1916 boc
650 1847 827 1935 imprimis,
851 1843 936 1932 quod
958 1835 1108 1926 vivimus,
1124 1833 1254 1936 tempus
1267 1849 1386 1930 teneri,

210 1966 244 2035 id
255 1951 398 2057 proiecto
417 1987 493 2035 cum
505 1966 568 2034 alia
579 1965 659 2035 hene
671 1964 775 2032 multa
791 1974 920 2031 nostrae
938 1964 1054 2030 aetatis
1073 1963 1167 2051 signa
1186 1955 1283 2054 atque
1296 1967 1389 2033 insti-

206 2091 282 2153 tuta
298 2085 496 2175 loquuntur,
520 2091 591 2152 tum
615 2085 764 2172 inprimis
785 2082 1043 2172 philanthropica
1063 2081 1136 2164 illa,
1156 2071 1259 2172 quae,
1284 2086 1390 2156 incre-

206 2202 302 2270 dibili
323 2201 390 2271 iere
412 2222 550 2271 numero
568 2221 606 2270 ac
630 2203 715 2270 mire
735 2203 848 2282 varia,
871 2201 967 2269 hodie
986 2200 1117 2289 quidem
1141 2203 1188 2272 sie
1212 2201 1320 2270 ubivis
1343 2203 1390 2270 lo·

209 2339 322 2390 corum
345 2328 497 2390 crescunt
523 2339 560 2388 ao
588 2319 725 2399 dorent,
754 2327 793 2387 ut
814 2320 1023 2407 turpissimae
1057 2319 1171 2388 saltem
1200 2321 1389 2420 humanita-

207 2439 252 2508 tis
263 2437 411 2508 maculae
423 2445 480 2507 aut
495 2437 611 2527 pudori
618 2440 688 2528 jam
701 2439 777 2518 sint,
789 2425 1062 2508 aut'euanescant.¹
1085 2439 1179 2522 Rooe,
1195 2461 1273 2510 suae
1284 2442 1390 2510 veluti

207 2558 340 2630 moralis
362 2564 510 2647 pertaesa
536 2554 788 2638 imbecillitatis,
818 2555 898 2626 illud
917 2549 1100 2646 jam'aetas
1121 2567 1233 2628 nostra
1255 2573 1390 2629 summo
1520 2531 1521 2556 ἶ

206 2678 315 2748 studio
326 2677 468 2746 *molitur
490 2677 637 2765 agitque,
661 2683 720 2757 ut,
743 2678 876 2745 remotis
898 2697 937 2745 ae
960 2677 1109 2746 rescissis
1131 2677 1193 2758 iis,
1216 2699 1300 2767 quae
1327 2680 1388 2748 din

205 2797 290 2866 hano
302 2783 555 2866 imbecillitatem
573 2791 732 2877 lovebant,
748 2795 904 2865 in-lucom
922 2795 1091 2885 protrahat
1101 2804 1199 2886 atque
1210 2797 1385 2880 adhibeat,

202 2891 362 3005 ¹quieq'uid
393 2903 463 2982 sire
495 2912 536 2981 ad
564 2915 791 3005 explicandum
822 2917 930 3005 ipsum
962 2914 1127 2982 hominem
1160 2911 1279 2996 iaciat,
1316 2918 1386 2984 sire

205 3017 277 3130 ejus
296 3023 469 3102 'virtutem'
501 3035 603 3122 possit
638 3053 813 3123 veramque
847 3035 985 3106 salntem
1020 3051 1148 3121 augere.
1206 3033 1273 3101 lloc
1303 3053 1384 3104 vero

206 3151 374 3232 studium,
404 3141 456 3220 uti
477 3171 516 3222 ex
540 3153 643 3240 ipsius
662 3152 838 3259 Religionis
871 3153 1075 3223 Christianae
1098 3151 1187 3219 fonte
1208 3151 1259 3219 uel
1282 3153 1386 3220 tacite
1492 3155 1519 3171 ·’

199 3289 244 3339 ac
270 3259 384 3358 sponte
404 3271 536 3340 fluxisse
556 3271 752 3340 censendum
776 3281 847 3354 est,
871 3275 918 3340 ita
940 3281 972 3340 et
998 3288 1095 3360 porro
1117 3270 1216 3358 hujus
1237 3272 1384 3339 maxime

204 3386 382 3475 Religionis
402 3377 497 3478 ¹ope'ru
521 3397 554 3458 et
573 3391 731 3458 auxilium
754 3393 899 3480 impense
932 3391 1067 3478 flagitat.

246 3507 338 3576 Unde
360 3507 556 3596 intelligitur
577 3509 614 3578 A.
628 3509 666 3576 Α.
690 3510 754 3577 nisi
777 3529 830 3577 me
853 3512 963 3578 omnia
981 3508 1115 3588 fallant,
1137 3505 1217 3594 quid
1234 3508 1370 3575 maxime

199 3628 262 3707 sit,
285 3625 370 3718 quod
393 3646 412 3694 a
434 3625 551 3696 Divina
579 3628 745 3716 Religione
767 3636 896 3720 tempus
916 3627 1046 3720 quidem
1070 3635 1237 3706 nostrum,
1260 3625 1377 3695 ocimi-s

141 3813 151 3844 „
197 3743 267 3813 iere
290 3733 441 3812 omnibus
463 3746 671 3834 posthabitis,
695 3741 844 3836 postulet.
1097 3742 1100 3748 ’

127 3859 144 3904 ⁴·
243 3861 294 3936 lta
312 3863 469 3932 nimirum
492 3865 612 3933 Christi
637 3865 760 3952 Religio
780 3876 894 3955 pergat
917 3867 1046 3934 miseris
1076 3864 1168 3932 nobis
1190 3863 1224 3930 in
1248 3864 1318 3931 vita
1339 3867 1379 3932 ae

169 3981 172 3988 ’
195 3989 303 4052 morte
317 3982 434 4050 Divino
449 3981 561 4050 solatio
573 4004 662 4064 esse,
680 3992 712 4052 et
727 3986 773 4052 ita
786 3985 905 4054 clarius
925 4003 1052 4073 semper
1063 3982 1310 4072 simpliciusque
1318 4003 1380 4050 nos

193 4075 345 4171 Divinam
371 4102 545 4170 veritatem
572 4101 714 4170 docendo
736 4103 905 4192 procedat,
925 4144 966 4155 —
997 4111 1035 4171 ut
1062 4103 1209 4170 omnium
1231 4101 1380 4170 maxime

194 4219 295 4288 simul
317 4221 387 4309 ipsa
406 4221 539 4289 insitam
563 4220 624 4289 sibi
648 4221 804 4291 moralem
822 4223 889 4290 vim
912 4243 949 4292 ao
971 4221 1204 4314 praestantiam
1227 4218 1378 4287 mortali·
1473 4199 1478 4206 ⁵

193 4337 255 4408 bus
274 4337 432 4429 explicet,
463 4348 495 4408 et
523 4360 598 4410 vero
626 4343 673 4411 sio
695 4341 916 4433 explicentur,
946 4347 1092 4413 crescant
1123 4357 1282 4427 suamque
1305 4337 1377 4405 vim
