3046 5036
796 350 843 422 lli

231 547 297 614 siae
327 543 549 624 Christianae,
577 547 751 629 antequam
775 561 814 607 ex
845 537 985 607 tenebris
1016 539 1113 608 medii
1145 548 1215 612 aevi
1238 549 1422 638 expediret

228 665 428 734 Christianos
459 659 631 728 Lntherus.
678 653 880 728 tinnovero
913 667 1112 747 spernuntur
1142 683 1358 756 quaecunque
1398 691 1422 737 a

229 785 377 852 doctrina
399 778 581 848 Christiana
603 775 774 846 videantur
795 778 916 854 aliena,
939 797 1085 867 quaeque
1107 780 1320 854 obtruderent
1344 789 1421 876 ipsi
1512 857 1513 876 ,

229 899 489 980 antecedentium
520 895 702 964 seculorum
729 896 855 966 diversa
881 896 1011 978 studia,
1046 898 1188 986 fingendi
1211 905 1420 984 temeritas,

229 1019 455 1111 intempestiva
477 1015 624 1096 solertia,
648 1015 836 1084 dominandi
854 1015 985 1096 lubido,
1009 1016 1138 1106 lateque
1156 1018 1275 1090 diffusa
1294 1021 1420 1113 super-

229 1139 329 1208 stitio.
384 1136 593 1223 Rumpuntur
618 1133 763 1214 vincula,
798 1137 880 1222 quae
912 1137 947 1202 in
981 1135 1044 1201 isto
1069 1129 1170 1204 veluti
1201 1141 1419 1227 ignorantiae

226 1265 322 1328 ‘antro
338 1256 506 1324 hominum
530 1253 660 1342 ingenia
685 1251 809 1340 tamdiu
824 1253 980 1321 obstricta
1001 1260 1185 1324 tenuerant.
1231 1258 1302 1328 Non
1324 1260 1418 1330 illud-

227 1376 367 1466 amplius
393 1381 530 1446 curatur
557 1378 615 1442 aut
637 1372 827 1458 quaeritur,
850 1371 929 1462 quid
953 1371 1098 1441 Ecclesia
1125 1379 1296 1458 statuerit,
1326 1382 1414 1468 quid

228 1497 314 1586 Papa
340 1493 497 1563 sanxerit.
544 1489 626 1558 Nam
649 1489 823 1576 abrogatur
848 1499 880 1558 et
907 1491 1076 1580 abjuratur
1099 1492 1242 1562 humana
1269 1497 1306 1564 in
1331 1497 1412 1568 fidei

226 1614 324 1684 rebus
347 1609 524 1680 auctoritas
547 1608 662 1676 omnis.
709 1609 905 1695 ignoscitur
931 1628 1028 1690 vero,
1051 1611 1116 1679 inan
1139 1613 1325 1684 celebratur
1347 1617 1411 1685 Co·

226 1731 310 1802 dicis
337 1729 429 1797 Sacri
456 1727 634 1794 auctoritas
656 1745 809 1795 summa,
841 1727 936 1796 Hunc
955 1728 1079 1797 scilieet
1104 1729 1315 1800 obscuratum
1340 1733 1410 1803 lere

227 1857 323 1920 antea
345 1855 379 1916 et
402 1845 506 1914 lerme
529 1847 677 1932 ignotum
701 1845 735 1911 in
763 1843 869 1912 lucem
892 1845 998 1915 denuo
1025 1849 1185 1936 protraxit
1204 1849 1408 1924 reformatio.

226 1967 276 2038 Ad
299 1966 386 2034 hunc
406 1962 618 2050 conlugiunt,
642 1961 682 2030 ah
705 1960 766 2028 hoe
785 1983 877 2050 opem
894 1972 1010 2052 petunt
1028 1987 1140 2036 omncs
1162 1966 1231 2037 lere
1249 1969 1408 2041 Christia-

227 2107 303 2158 nam
318 2085 500 2154 doctrinam
517 2081 657 2150 colentes
678 2088 791 2168 gentes
811 2082 1031 2154 Germanicae.
1077 2087 1172 2154 llunc
1189 2087 1224 2153 in
1240 2107 1318 2157 suos
1338 2109 1405 2158 ser-

226 2227 338 2276 mones
356 2202 503 2290 singulae
514 2208 671 2278 ¹vertunt;
695 2201 830 2270 unicum
846 2201 1048 2272 Christianae
1066 2203 1232 2272 doctrinae
1251 2207 1317 2274 rite
1332 2227 1408 2296 cog·

227 2323 406 2396 noscendae
428 2319 627 2410 principium
649 2339 687 2385 ac
704 2317 826 2388 iontem
846 2328 1047 2406 agnoscunt;
1069 2321 1230 2390 libertatis
1246 2323 1407 2392 Christia-

227 2463 289 2514 nae
309 2441 460 2530 llalgnam
478 2437 579 2506 veluti
599 2435 750 2503 Chartam
770 2435 832 2503 sihi
850 2435 1032 2516 vindicant3
1055 2449 1088 2507 ct
1110 2460 1187 2509 vero
1203 2441 1245 2512 ad
1265 2442 1406 2512 Sacrum

226 2563 320 2632 illum
348 2559 515 2637 Codioem,
537 2563 705 2643 tamquam
729 2553 804 2622 fidei
827 2575 1020 2648 morumque
1047 2577 1237 2646 supremum
1257 2560 1406 2648 judicem

226 2701 338 2752 omnes
360 2685 545 2770 provocant.
593 2673 643 2740 Ita
666 2672 797 2741 demum
825 2673 964 2754 accidit,
988 2683 1026 2742 ut
1047 2697 1106 2765 per
1128 2676 1398 2749 Reformationem

227 2803 349 2870 hancce
372 2798 524 2880 universa
542 2791 662 2860 Christi
683 2790 847 2870 doctrina,
870 2799 943 2878 post
959 2795 1065 2862 varias
1084 2795 1156 2863 illas
1173 2816 1256 2884 quas
1271 2803 1404 2886 experta

227 2919 334 2988 luerat
350 2913 636 2990 commutationes,
660 2909 702 2978 ad
724 2909 897 2996 pristinam
916 2929 1009 2981 suam
1028 2921 1061 2979 ct
1081 2914 1257 3001 puritatem
1278 2903 1405 2984 etsim·

227 3037 407 3128 plicitatem
420 3032 540 3098 sensim
559 3028 705 3096 revocari
723 3027 793 3114 jam
805 3028 956 3116 coeperit.
1006 3029 1060 3096 Sic
1078 3030 1214 3112 accidit,
1238 3041 1277 3100 ut
1294 3035 1406 3103 missis

227 3152 502 3225 Scholasticorum
524 3145 639 3233 nugis,
660 3143 780 3232 quihus
806 3143 932 3233 oppleta
955 3145 1061 3216 luerat
1087 3149 1207 3232 Christi
1233 3149 1404 3234 doctrina,

227 3271 361 3344 umbras
383 3265 568 3356 istiusmodi
590 3273 689 3334 vartas
711 3270 745 3330 et
768 3263 881 3332 inanes
903 3275 966 3332 no'n
994 3266 1134 3354 amplius
1156 3276 1331 3350 curarent,
1356 3272 1405 3359 ip-

226 3411 281 3462 sas
302 3409 378 3458 vero
401 3393 460 3454 res·
474 3384 697 3473 inquirerent,
721 3381 829 3470 ipsum
849 3381 1064 3470 Euangelium
1086 3384 1216 3470 penitus
1235 3389 1405 3480 percipere

227 3513 441 3586 niterentur,
456 3509 553 3590 atque
576 3503 622 3570 ita
650 3522 689 3568 ex
720 3499 863 3574 tenebris
886 3500 1125 3588 superstitionis
1152 3500 1193 3586 ad
1216 3503 1326 3573 lucem
1351 3507 1404 3576 ad·

226 3633 398 3716 surgerent
416 3621 573 3692 veritatis.
615 3649 622 3664 ·

229 3912 233 3920 ·
272 3863 336 3934 Sed
362 3863 397 3929 in
416 3860 640 3950 progressione
666 3855 864 3926 observanda
888 3855 1011 3942 ingenii
1034 3853 1187 3935 humani,
1211 3857 1300 3926 hand
1315 3861 1407 3932 illud

141 3950 149 3960 '
227 3981 450 4072 negligamus,
473 3977 724 4065 quodomnium
747 3984 930 4063 temporum
955 3969 1065 4038 docuit
1091 3976 1308 4060 experientia,
1333 4001 1406 4068 pro·
1435 4033 1437 4038 .

147 4187 151 4194 .
226 4103 336 4194 prium
358 4117 429 4167 esse
446 4095 675 4178 'homini,'·ut,
698 4095 784 4183 qnod
806 4089 1086 4177 simplicissimum
1108 4096 1180 4169 est,
1204 4093 1239 4160 id
1261 4099 1407 4186 reperiat

225 4220 389 4308 ultimum.
435 4217 593 4304 Dogmata
620 4217 648 4284 si
669 4213 878 4300 respicimus,
901 4224 988 4294 qnae·
1005 4213 1081 4274 ante
1098 4207 1287 4280 ¹instaurata
1310 4233 1405 4288 sacra

224 4337 311 4431 apud
327 4337 526 4423 Christianos
542 4341 635 4406 erant
655 4337 801 4422 recepta,
825 4327 922 4396 ducta
940 4331 1016 4396 sunt
1032 4323 1086 4394 illa
1105 4335 1259 4418 magnam
1274 4340 1402 4422 partem
1511 4389 1512 4411 ,
