3046 5036
805 325 853 398 50

244 521 385 612 perieota
413 530 445 588 et
474 525 697 587 consummata
728 539 799 586 esse
817 525 941 585 temere
972 517 1033 586 sibi
1063 519 1299 606 persuadeant,
1331 529 1427 596 omni

243 643 398 711 sanctiori
426 637 615 727 disciplinae
642 637 764 706 cladem
794 637 938 705 inierunt
964 656 1077 704 revera
1099 641 1293 724 maximam,
1317 653 1350 713 et
1374 667 1427 715 se.

243 764 395 851 quiorum
414 768 596 848 temporum
617 757 786 845 Theologis
809 755 1000 824 Christianis
1020 755 1101 824 nihil
1121 757 1184 824 nisi
1204 760 1331 829 servilis
1348 765 1427 833 imi·

242 883 375 949 tationis
398 880 544 948 relictam
568 876 702 965 gloriam
722 874 845 942 volunt.
893 872 934 938 Et
958 873 1005 940 sio
1029 873 1160 961 quidem
1184 876 1242 944 bos
1265 889 1427 970 perpetuo

239 1008 378 1086 eogunt,
402 1007 440 1067 ut
460 997 636 1084 Religionis
656 1003 688 1064 et
709 992 899 1080 Theologiae
921 990 1105 1061 libertatem
1129 997 1427 1089 auctoritatemque

241 1119 282 1186 ab
302 1119 392 1186 illata
414 1118 478 1184 iilis
494 1119 531 1184 'vi
554 1115 737 1184 defendant.

289 1237 525 1320 Quamobrem,
557 1256 621 1324 quo
652 1233 758 1319 magis
783 1251 822 1298 ex
845 1230 916 1318 ipsa
939 1229 1137 1317 Religionis,
1169 1253 1267 1321 quam
1292 1237 1425 1324 profite-

240 1379 338 1440 mur,
372 1357 478 1424 indole
502 1360 688 1442 appareret,
719 1371 788 1418 non
814 1347 1056 1416 subsistendum
1080 1349 1172 1418 nohis
1202 1352 1263 1422 hae
1293 1364 1424 1440 aetate,

237 1479 297 1548 sed
316 1473 588 1567 progrediendum
612 1492 702 1550 esse,
726 1467 899 1536 dicendum
922 1466 1002 1534 mihi
1028 1468 1156 1536 eensui:

333 1597 381 1663 De
402 1594 566 1672 inebooto,
590 1592 720 1659 necdum
739 1591 903 1678 perfeeto,
928 1587 1097 1653 Sacrorum
1119 1589 1339 1660 emendatione.

243 1836 307 1900 Vos
324 1851 452 1920 quaeso,
471 1829 706 1897 Humanissimi
722 1826 906 1895 Auditores!
925 1843 1023 1911 quam
1036 1824 1164 1912 saepius
1177 1835 1331 1914 expertus
1345 1851 1415 1898 sum

239 1927 517 2029 beneroientium,
542 1946 654 2054 eadem
678 1927 840 2052 merione
864 1927 1053 2012 sustentdtis
1076 1931 1261 2013 dieente'rni
1287 1943 1290 1948 ’

789 2189 886 2230 ‚hane-
956 2191 959 2200 “

248 2409 265 2456 ’·
285 2405 710 2495 nobrmaumi'squidom,
735 2423 821 2494 quae
838 2405 946 2493 'eoepit
959 2403 1220 2474 ‚aeenrdoinde
1247 2415 1338 2476 sexto
1360 2409 1420 2480 de·

238 2530 329 2596 aimo·
344 2526 471 2614 publice
495 2526 650 2606 stabiliri,
674 2523 1418 2613 conditionem,bio-spemabimeioiuteriorem,

219 2634 325 2731 ¹Quid
342 2647 498 2714 nimirum
518 2653 551 2712 et
574 2646 727 2712 continuo
740 2634 952 2734 ¹proposuerit
974 2644 1035 2710 sibi
1058 2650 1091 2710 et
1114 2642 1282 2733 hueusque
1304 2644 1418 2714 effece-

239 2767 310 2846 rit,
330 2765 390 2832 bde
410 2767 461 2832 ita
476 2763 696 2852 indagandum
719 2765 753 2831 e't
772 2763 1033 2832 distribuendum
1054 2765 1131 2843 erit,
1155 2769 1194 2830 ut
1212 2771 1361 2832 nostrum
1379 2765 1419 2835 de

240 2881 802 2973 bujusEoelesiaeemandat'ionis3
827 2902 905 2949 eum
928 2889 1048 2952 natum
1065 2891 1098 2950 et
1121 2883 1312 2972 principiis,
1346 2891 1419 2954 tum

239 3002 304 3070 boe
322 3011 477 3092 tempore
498 3002 710 3080 mediolano,
734 3008 822 3068 reete
847 3004 921 3090 regi
941 3000 1114 3090 judioium
1135 3003 1246 3089 possit.
1296 3003 1419 3086 Quodsi

239 3127 325 3201 uerov
338 3121 400 3189 hue
421 3142 495 3190 mea
516 3123 634 3210 paueat:
653 3120 822 3202 oratione„
838 3122 1004 3209 insignem
1024 3120 1112 3188 iiiam
1135 3121 1186 3188 rei
1214 3119 1418 3192 Christianae

239 3241 496 3310 emendationum
509 3241 530 3322 ,²
549 3240 858 3330 praeclarimimam,
891 3239 1131 3328 quamagebdt‘
1150 3251 1299 3310 naussum
1311 3292 1324 3321 ,,
1344 3263 1417 3330 pro-

238 3359 377 3428 mouisse
401 3359 532 3448 quidem
555 3360 612 3428 sed
635 3359 925 3450 nondqmpmims
942 3343 1139 3426 obtinuisse:
1163 3359 1192 3426 si
1215 3361 1328 3428 minus
1339 3381 1415 3431 sane

236 3499 340 3562 nora,
371 3489 404 3547 at
429 3487 470 3548 ea
494 3478 630 3546 fortusse
653 3478 791 3558 dinero,
809 3497 899 3566 quaa
915 3477 1029 3544 muitis
1051 3478 1161 3544 nostri
1176 3478 1339 3566 temporis
1360 3479 1413 3547 bo·

235 3599 387 3666 minibus·
403 3601 529 3687 possint
549 3597 644 3666 utilia
666 3619 736 3666 esse
747 3621 764 3674 ;=
779 3617 817 3664 ea
837 3617 987 3685 quoque,
1011 3597 1135 3685 quibus
1151 3597 1327 3666 incitemur
1343 3615 1413 3664 om·

236 3738 312 3797 nes,
344 3727 380 3784 ut
400 3740 535 3807 agamus
566 3730 719 3795 strenue,
757 3716 841 3804 quod
865 3736 884 3782 a
907 3715 1019 3797 nobis,
1054 3737 1118 3784 non
1141 3713 1341 3790 autumatio
1367 3715 1414 3784 di·

235 3853 332 3916 sam,
356 3837 412 3903 sed
429 3837 622 3908 Christiane
637 3835 939 3924 uuigtoepostquu
972 3890 976 3901 ,
1014 3847 1032 3900 .“
1075 3839 1078 3848 “
1131 3841 1135 3852 ”
1269 3847 1273 3854 ’

243 4002 251 4020 .
279 3956 341 4022 Est
361 3957 474 4024 autem?
490 3959 569 4027 bueo
588 3957 741 4046 quaestio
757 3957 796 4025 de
819 3959 961 4036 aunuum,
985 3953 1276 4042 quod'diotsotou,
1300 3954 1416 4044 Reser-

234 4077 379 4144 noenu
398 4079 570 4166 praeripio
588 4078 713 4164 gravis,
736 4079 806 4142 neo‘
831 4076 904 4142 sine
923 4075 1181 4142 uaussanostris
1209 4074 1417 4161 temporibus

217 4183 414 4284 'pinninum
428 4195 577 4285 agitata..
609 4198 726 4284 Agitur
742 4195 784 4263 de
794 4208 956 4282 ‘supreme
968 4193 1107 4283 quadam
1119 4195 1249 4282 ratione
1267 4213 1306 4260 ae
1321 4193 1416 4281 iege,

233 4331 331 4403 quarn
349 4318 492 4405 ipsamet
514 4313 711 4385 Resonnatio
733 4313 796 4382 sibi
819 4316 950 4402 ponens
964 4316 998 4384 in
1020 4313 1369 4404 omnibusseqnatur,
1397 4333 1416 4384 e
