3052 5028
801 350 850 424 96

224 544 306 610 sima
325 542 470 610 hominos
483 539 554 606 luee
566 538 747 608 Christiana
764 501 872 610 beatos
892 539 1076 611 turbassent
1098 563 1134 612 ae
1155 543 1397 624 dilacerassent.

222 660 332 749 Neque
354 659 520 728 videretur
543 659 729 748 saepissime
756 659 864 728 divina
887 662 937 730 vis
956 661 1125 751 lluangelii
1143 666 1229 736 inter
1249 669 1401 743 homiues

223 777 418 848 desiderarit

269 1119 499 1208 llaee'tristior
520 1157 597 1208 sane
621 1139 657 1206 Α.
673 1139 709 1206 Α.
728 1138 879 1225 cogitatio
899 1139 1044 1210 animum
1065 1141 1176 1224 subit,
1199 1145 1255 1214 ubi
1276 1148 1347 1237 jam
1364 1173 1401 1221 eo

223 1277 258 1327 se
281 1259 378 1327 vertit
396 1257 527 1339 Oratio,
551 1267 603 1338 ut,
627 1257 713 1346 quod
730 1259 763 1324 iu
783 1256 948 1344 Religione
972 1277 1137 1328 summum
1155 1273 1221 1342 est,
1240 1269 1403 1354 quomodo

223 1375 266 1458 id,
279 1395 337 1468 per
353 1376 536 1447 seculorum
556 1377 741 1455 decursum,
760 1375 945 1444 hominibus
966 1375 1065 1446 luerit
1084 1389 1265 1470 aooeptum,
1291 1385 1402 1457 deela-

222 1503 284 1566 ret.
330 1496 421 1566 Hane
445 1497 603 1566 nimirum
627 1495 710 1564 mihi
730 1513 861 1563 eausam
881 1497 1013 1584 agenti,
1036 1497 1179 1587 proleoto
1202 1519 1266 1569 non
1289 1503 1401 1576 lauda·

223 1615 304 1684 toris
327 1633 428 1704 aeque
450 1623 549 1704 atque
571 1614 717 1683 historici
740 1613 888 1702 partibus
911 1613 1004 1703 iungi
1025 1615 1145 1686 licebit.

268 1732 334 1802 Neo
358 1741 468 1802 tamen
489 1731 594 1802 laudis
621 1733 827 1823 laetitiaeque
847 1735 1013 1814 materies,
1035 1736 1100 1804 imo
1121 1755 1199 1806 vero
1218 1743 1393 1824 maximae,

224 1850 324 1920 deest.
371 1851 451 1921 Nam
480 1853 554 1940 quis
583 1850 714 1919 tandem
739 1859 789 1920 est
812 1851 1029 1922 humanarum
1044 1875 1163 1924 rerum
1186 1864 1255 1927 tam
1279 1877 1393 1948 parum

224 1969 361 2058 diligens
397 1971 602 2050 observator,
637 1970 694 2058 qui
722 1989 786 2036 uon
816 1989 934 2057 magna
963 1980 996 2040 et
1027 1971 1201 2044 ineffabilia
1225 1985 1401 2064 agnoscat,

224 2107 309 2178 quaa
332 2088 491 2178 Religioni
515 2088 721 2158 christianae
743 2087 912 2156 homiuum
931 2109 1034 2177 genus
1052 2092 1123 2180 J'am
1149 2113 1249 2183 prope
1271 2097 1403 2166 univer.

224 2225 297 2276 sum
317 2205 456 2278 debeat?
502 2209 608 2289 ane,
628 2208 697 2296 jam
721 2226 850 2275 omnem
872 2207 987 2276 mundi
1006 2209 1105 2298 hujus
1128 2210 1243 2282 iaoiem
1267 2221 1300 2282 et
1327 2235 1402 2284 oon-

223 2325 379 2396 ditionem
414 2329 563 2396 mutavit.
610 2327 718 2395 Novus
745 2347 821 2394 eum
848 2326 903 2394 illa
928 2327 1111 2399 soenorum
1144 2333 1209 2400 iam
1231 2341 1330 2404 natus
1349 2344 1404 2404 est
1514 2309 1515 2316 ἵ

224 2447 312 2516 ordo.
360 2445 480 2530 Quodsi
498 2446 596 2526 adeo,
619 2466 660 2515 ne
680 2447 840 2534 perversis
867 2443 998 2534 quidem
1017 2446 1186 2520 homiuum
1209 2451 1328 2521 studiis
1356 2454 1403 2524 la·
1515 2524 1516 2542 p

224 2565 383 2636 helaotata
407 2585 579 2654 umquam,
610 2585 738 2655 semper
760 2565 811 2634 vel
834 2566 1005 2634 obscurata
1029 2566 1170 2650 luceret,
1194 2570 1406 2662 multumque

226 2685 419 2776 degenerata
445 2705 465 2753 a
484 2704 543 2753 sua
565 2683 691 2766 indole,
722 2687 832 2752 tamen
857 2682 983 2753 iruetus
1005 2705 1123 2773 magno
1153 2706 1289 2758 nomem
1312 2691 1405 2761 salu·

206 2804 383 2876 -lrerrimos
407 2804 526 2873 ierret:
550 2804 693 2894 proleoto
716 2825 755 2874 eo
781 2823 869 2872 nuno
894 2801 1033 2872 divinior
1054 2804 1147 2874 nohis
1173 2805 1297 2896 Religio
1321 2811 1405 2891 erit,

105 3017 108 3024 .
225 2923 331 3004 unde,
343 2923 394 2994 vel
416 2925 529 2992 invitis
541 2923 751 3003 hominibus,
777 2930 825 2990 tot
841 2929 996 3010 tantaque
1015 2922 1097 2992 bona
1112 2925 1182 3013 jam
1194 2937 1403 3004 emanarunt.

165 3050 172 3060 '
272 3044 363 3114 Hane
378 3064 455 3114 uero
473 3044 605 3112 insitam
629 3042 692 3131 ipsi
715 3041 858 3109 divinam
877 3041 944 3108 uim
964 3041 1182 3126 adebrantes,
1206 3065 1270 3114 non
1290 3053 1404 3118 tamen

223 3179 398 3254 possumus
421 3183 503 3242 ooo,
526 3161 742 3231 Christianam
764 3159 963 3248 Religionem
986 3169 1053 3230 tam
1074 3165 1124 3231 sui
1146 3183 1241 3253 saepe
1260 3164 1404 3236 dissimi-

225 3283 291 3352 lem
319 3279 597 3369 resaroiendisque
625 3279 760 3348 humani
787 3281 916 3369 generis
945 3281 1040 3350 malis
1073 3283 1231 3370 imparem
1258 3281 1402 3362 laetam,

225 3403 347 3492 lugere.

271 3523 372 3612 Cujus
390 3523 438 3590 rei
456 3540 589 3600 musae,
607 3521 755 3610 quamvis
778 3518 861 3588 aliae
877 3527 955 3588 suut
973 3519 1054 3588 bene
1077 3518 1220 3599 multae,
1243 3521 1282 3588 Α.
1300 3521 1333 3588 Α.
1349 3555 1392 3567 -

226 3643 344 3733 quibus
363 3649 476 3731 sponte
503 3659 542 3708 ao
565 3640 746 3709 necessario
773 3637 917 3718 laetum,
942 3645 979 3706 ut
1001 3638 1087 3706 lente
1109 3637 1256 3718 demum,
1280 3653 1399 3726 perque

226 3759 333 3830 nullos
359 3779 423 3826 non
447 3779 562 3840 easus,
589 3758 644 3828 ad.
669 3758 825 3845 majorem
860 3755 1089 3846 perlectionem
1119 3755 1332 3844 praeessent,
1356 3790 1402 3808 -

226 3879 307 3950 haee
337 3886 448 3947 tamen
476 3881 647 3968 princeps,
681 3877 767 3966 quod
792 3877 865 3966 qui,
900 3897 958 3966 per
988 3875 1171 3945 seculorum
1206 3873 1404 3953 decursum,

227 3999 311 4066 haue
341 4018 401 4066 suo
428 3997 548 4085 singuli
571 3997 665 4066 modo
690 3998 836 4066 colebant
867 3997 1055 4084 religionem
1083 3991 1252 4073 mortulae,
1277 4012 1317 4060 ex
1342 3992 1405 4059 illi·

227 4138 266 4186 us
284 4116 371 4185 loute
387 4115 449 4184 alia
466 4116 573 4205 potius
590 4117 699 4184 omnia
708 4117 839 4185 haurire
857 4115 1060 4194 studuerint,
1078 4133 1176 4202 quam
1194 4130 1231 4180 ea
1246 4111 1406 4190 maxime,

226 4255 365 4324 quorum
389 4238 458 4323 ipsa
488 4233 609 4303 iontem
634 4255 668 4302 se
689 4255 727 4303 ao
748 4237 983 4324 scaturiginem
1012 4233 1109 4304 dieat.
1156 4231 1203 4300 llo
1226 4250 1329 4320 usque
1357 4232 1408 4296 ni·

224 4355 367 4432 mirum,
394 4354 438 4421 nil
462 4357 524 4423 nisi
549 4376 629 4422 nova
664 4375 700 4423 ae
724 4353 892 4422 sublimior
926 4375 1036 4423 rerum
1061 4355 1245 4422 divinarum
1275 4370 1312 4417 ao
1336 4367 1411 4417 me-
