3052 5028
766 333 817 406 at

134 537 137 541 '
206 530 304 610 stola,
328 528 505 597 didactiocs
529 541 724 615 quamquam
747 527 923 614 specimine
946 545 1095 606 summo,
1119 547 1250 596 cansam
1269 537 1382 600 tamen

204 670 293 719 mere
312 649 467 718 moralem
489 654 644 736 perpetuo
666 651 700 712 et
721 663 797 712 vero
819 647 915 714 unice
932 653 1017 735 agat.
1066 647 1284 736 Quaecunque
1301 649 1387 718 adeo

205 772 289 849 sint,
310 771 361 838 uti
377 770 412 835 in
435 773 616 836 ceterorum
641 765 903 853 Appostolornm,
927 768 974 836 sio
995 769 1029 834 in
1049 769 1143 836 Pium
1162 769 1308 858 scriptis,
1326 791 1386 839 ar·

205 889 354 978 gumenti
366 886 540 974 dogmatici
555 905 592 952 ae
605 883 774 952 theoretici
787 885 865 966 loca,
877 925 918 938 -
930 905 968 954 ea
979 887 1066 966 volo,
1078 907 1163 975 quaa
1173 887 1207 954 in
1220 896 1384 978 systema·

205 1009 272 1075 tica
295 1005 467 1094 Theologia
489 1004 572 1072 dicto
588 1003 719 1072 classico
739 1011 772 1072 et
792 1003 956 1094 probantia
977 1005 1134 1085 audiunt,
1158 1045 1203 1060 -
1226 1008 1315 1073 occet
1342 1007 1385 1074 ad

206 1144 310 1196 unum
329 1123 533 1193 haecomnia
552 1126 904 1192 inomtionecontexta
927 1125 1095 1214 leguntur,
1115 1124 1298 1192 uhiauctor
1318 1145 1386 1194 non

206 1245 473 1335 explicationibus
488 1244 675 1313 theoreticis
691 1252 801 1323 vacat,
825 1263 887 1311 nec
908 1243 1048 1312 doctoris
1060 1243 1235 1332 dogmatici
1247 1263 1387 1312 munere

207 1363 373 1453 iungitur,
396 1364 453 1432 sed
476 1382 551 1432 vero
581 1362 775 1452 amparem,
810 1363 851 1431 ad
875 1363 1146 1444 misericordiam,
1171 1363 1211 1431 ad
1234 1371 1386 1431 constan·

206 1485 306 1564 tiam,
338 1483 380 1550 ad
403 1482 521 1563 fidem,
545 1503 635 1571 spem
658 1491 692 1550 et
715 1485 884 1550 caritatem
907 1482 1106 1551 Christianos
1127 1482 1315 1552 hortatur¹.
1340 1523 1387 1536 -
1513 1485 1514 1492 ’

208 1603 370 1692 Reputent
392 1602 470 1682 huc,
494 1605 569 1690 qui,
588 1603 621 1669 in
642 1601 827 1668 huiusmodi
860 1601 992 1670 fortuito
1012 1601 1167 1690 aliudque
1192 1603 1315 1691 agendo
1338 1603 1385 1671 di·

208 1725 291 1801 ctis,
315 1722 425 1788 neseio
436 1720 514 1808 quid
533 1719 690 1788 reconditi
706 1729 738 1788 et
756 1719 895 1787 absoluti
913 1723 1095 1809 requirunt.
1127 1722 1190 1790 Nos
1202 1731 1292 1790 certe
1305 1723 1379 1790 inde

209 1843 374 1910 discamus
404 1847 550 1928 oportet,
581 1841 614 1906 in
638 1841 769 1927 scriptis
792 1859 920 1926 quoque
946 1839 1107 1921 Paulinis,
1131 1841 1282 1928 dogmata
1297 1839 1382 1907 lleli·

209 1963 314 2049 gionis
344 1961 505 2028 hacteuus
536 1963 663 2026 tanturn
695 1966 945 2026 commemorata
974 1945 1007 2026 at
1029 1959 1129 2026 veluti
1160 1959 1299 2026 delihata
1334 1979 1387 2026 ex·

211 2089 317 2160 stara,
349 2088 526 2168 quatenus,
549 2078 669 2166 quibem
699 2079 844 2165 scripsit,
881 2077 1087 2157 hominihus,
1119 2079 1159 2146 ad
1182 2078 1390 2147 excitandam

139 2231 143 2241 -’
211 2199 456 2288 augendamque
492 2199 593 2264 vitam
625 2216 700 2265 vere
734 2197 888 2266 moralem
922 2215 959 2264 ac
990 2196 1206 2266 Christianam
1244 2198 1393 2274 iaciunt;

211 2319 353 2407 adeoque
372 2320 475 2406 ipsam
506 2316 613 2394 illam,
646 2333 743 2404 quarn
772 2315 951 2394 exhibent,
972 2303 1182 2385 theoreticam
1212 2319 1393 2386 institutio·

212 2459 287 2507 nem
316 2456 375 2504 sua
391 2434 497 2502 indole
520 2454 558 2501 ac
579 2435 712 2501 oonsilio
731 2454 859 2502 omnem
891 2435 1022 2502 omnino
1041 2419 1219 2523 practicam
1239 2446 1318 2506 essa.
1344 2475 1396 2490 -

216 2558 380 2645 sicigitur
397 2555 518 2623 Pronus
539 2554 682 2640 suojure
703 2551 894 2640 Theologiae
906 2561 998 2641 pater
1017 2553 1194 2636 dicendus,
1218 2556 1278 2624 hoc
1293 2557 1393 2636 adeo,

215 2676 337 2765 adejus
349 2673 551 2762 exemplum,
578 2673 729 2760 Theologi
749 2668 925 2740 Christiani
937 2693 1065 2761 semper
1083 2674 1183 2743 libere
1203 2697 1241 2742 ac
1258 2683 1397 2745 strenue

216 2804 334 2887 agant,
365 2802 403 2862 ut
445 2799 576 2860 aeterna
603 2791 780 2879 Religionis
808 2783 988 2878 principia,
1018 2795 1110 2860 omni·
1140 2792 1284 2862 adhibita
1312 2815 1397 2864 eura

216 2935 254 2984 ac
279 2911 555 2991 sollicitudine,e
584 2913 653 2980 suis
687 2905 830 2978 lontibus
861 2907 1029 2999 repetant,
1064 2931 1212 2980 emortum
1243 2909 1398 2981 sordibus

215 3042 372 3124 purgent,
407 3034 443 3100 in
477 3030 614 3098 clariore
648 3037 802 3119 perpetuo
829 3029 901 3097 luae
935 3039 1069 3119 ponant;
1093 3031 1152 3100 hoc
1186 3051 1262 3098 vero
1294 3031 1398 3099 simul

218 3175 238 3221 a
267 3154 368 3220 Panno
403 3149 531 3216 discant
560 3147 686 3234 sibique
713 3149 927 3236 persuadeant
954 3169 1085 3230 omnes,
1120 3169 1236 3217 vanam
1265 3165 1399 3218 omnem

183 3259 190 3266 ⁸
220 3270 412 3357 theologiae
430 3267 599 3334 scientiam
621 3285 707 3347 csse,
733 3270 796 3337 nisi
819 3289 911 3358 qnae,
931 3289 989 3358 per
1008 3268 1113 3348 iidem,
1134 3289 1222 3358 spem
1236 3278 1269 3337 et
1281 3271 1400 3338 carita·

219 3399 304 3469 tem,
320 3387 399 3456 haec
420 3386 508 3464 tria,
530 3405 588 3474 per
608 3388 777 3456 caritatem
799 3391 980 3468 maxime2,
1004 3388 1044 3456 ad
1064 3387 1159 3456 illam·
1171 3388 1272 3455 animi
1295 3387 1395 3456 vitae·

221 3529 284 3600 qne
307 3506 405 3576 ducat
424 3502 697 3586 emendationem,
722 3525 787 3595 qua
807 3507 920 3575 alenda
940 3527 978 3575 ac
1000 3507 1196 3596 perficienda
1217 3527 1312 3576 omne
1336 3507 1391 3576 liu-

221 3627 339 3718 angelii
361 3643 482 3694 munus
502 3630 679 3713 spectatur.

267 3748 334 3818 lloc
358 3750 506 3833 superest
528 3743 564 3809 Α.
590 3744 626 3813 Α.
653 3743 868 3832 Euangelium
896 3765 960 3815 non
984 3746 1165 3816 doctrinam
1188 3745 1403 3814 theoreticam

225 3876 281 3938 aut
304 3864 539 3953 dogmaticam,
563 3862 619 3930 sed
642 3883 718 3930 vero
737 3883 836 3930 novae
860 3866 945 3934 vitae
967 3867 1087 3935 iontem
1109 3887 1145 3935 ao
1168 3867 1404 3952 scaturiginem

226 4090 355 4107 μ

263 4229 678 4312 ²)E.Gr.hlll.XXV1l1:19.
719 4230 995 4287 lissima-tl.
1033 4233 1138 4286 Ill:18.
1177 4231 1270 4285 licor.
1291 4231 1406 4284 Vlll:9.
1513 4187 1514 4192 1

228 4331 532 4394 Pttt.11:c-1t.at.
608 4330 724 4404 ²)1ud
741 4333 956 4389 coaltlltzta.
1028 4339 1030 4345 ’
1513 4325 1514 4328 “
