3052 5028
756 298 856 376 *120

703 657 954 694 m

393 808 589 888 snnltlttlt
618 807 789 880 nnnlnls
814 812 1230 887 innitensttmnttn.

122 1017 129 1036 1
236 985 321 1058 Ordo
344 981 496 1051 JGtornm
511 978 590 1046 duas
612 976 655 1044 ad
676 973 898 1066 disputandnm
910 977 1017 1062 ponit
1041 981 1249 1074 quaestiones,
1272 984 1408 1057 alteram
1505 1035 1506 1038 ,

275 1104 315 1172 de
338 1097 497 1187 vectigali
527 1093 751 1175 Oresnndico,
774 1093 816 1162 od
837 1115 933 1182 qnam
955 1117 1045 1166 nemo
1067 1101 1242 1188 respondit,
1270 1102 1406 1174 aiteram
1505 1079 1506 1118 f

275 1224 314 1292 de
344 1216 567 1292 concinnando
592 1229 632 1283 ex
660 1213 823 1282 Ciceronis
852 1213 985 1302 scriptis
1016 1218 1193 1306 spoeimIne
1220 1221 1408 1294 Institutio·

274 1362 355 1410 num
377 1339 467 1407 iuris
490 1335 600 1404 Civilis
619 1335 654 1401 in
675 1337 779 1400 artem
797 1331 924 1400 redacti
942 1358 973 1401 n.
993 1361 1023 1401 n.
1043 1350 1076 1402 n.

230 1462 286 1533 Ad
309 1481 405 1550 qnam
426 1479 490 1524 nna
522 1453 635 1523 Ordini
656 1452 815 1539 responsio
842 1451 947 1520 oblata
974 1461 1020 1520 est
1039 1452 1096 1523 lnce
1119 1466 1224 1526 notata
1242 1461 1405 1549 symbolo:

276 1575 366 1646 »nas
384 1575 438 1645 ich
461 1572 609 1662 gemelli,
632 1573 675 1638 ist
697 1567 852 1636 lohlioh.”
900 1571 940 1638 V
937 1570 986 1638 iso
1008 1579 1055 1638 cst
1076 1573 1152 1644 doec
1171 1575 1342 1664 disputatio
1361 1583 1406 1649 ita

276 1719 309 1764 se
342 1717 399 1762 sna
422 1690 637 1761 commendare
664 1689 879 1776 praestantia,
905 1697 942 1756 nt
970 1693 1040 1778 ejas
1061 1701 1168 1762 caeter
1197 1699 1318 1764 omnini
1344 1723 1404 1768 non

277 1816 408 1884 landum
439 1808 562 1880 aemulo
584 1806 712 1874 dubiam
734 1808 860 1896 fecisset
884 1808 1055 1878 victoriam.
1104 1812 1315 1884 Vehementer
1329 1819 1399 1906 pla·

178 1979 184 1982 -
236 1963 240 1972 ¹
278 1936 342 2004 enit
374 1930 489 2001 Ordini
508 1927 620 1995 idoneo
645 1925 794 1992 neoterica
817 1925 1016 2008 distributio,
1037 1930 1207 2017 judicandi
1228 1935 1355 2005 solertia
1376 1946 1405 2004 et

275 2075 392 2144 manna
410 2047 567 2120 doctrinae
585 2043 674 2133 capio
688 2066 733 2127 coc
755 2047 916 2133 cannrrcto
939 2046 1116 2119 litterarum
1138 2061 1168 2119 et
1184 2051 1275 2120 Jnn's
1298 2055 1408 2124 Civilis

277 2173 378 2241 stadio
402 2170 570 2258 diliaenter
591 2171 780 2250 comparata.

151 2369 158 2380 ,
236 2295 338 2371 Qnare
364 2288 445 2355 Ordo
468 2307 530 2354 nen
553 2283 706 2351 dubitavit
732 2284 998 2354 commentationis
1028 2287 1124 2376 dnjns
1151 2284 1296 2381 senatori
1315 2315 1407 2384 pras·

276 2405 377 2477 minm
394 2407 566 2475 decernere.

109 2510 117 2520 ’
233 2529 402 2616 Resinnatc
425 2521 574 2594 schedam
592 2529 700 2589 aaaron
724 2529 866 2608 repertos
888 2529 936 2588 est

558 2717 717 2792 'antonus
740 2718 894 2784 ennomus
917 2719 1038 2797 man,

159 2903 164 2910 -
264 2932 266 2938 ,
380 2860 469 2928 turis
492 2857 688 2926 Candidatus
711 2855 746 2922 in
768 2855 942 2926 Academia
959 2856 1261 2948 Lugduno-Batevt.

277 3079 364 3148 Nulli
396 3076 456 3178 tihi
488 3075 663 3164 superandi
689 3073 823 3143 inerunt
852 3078 1097 3174 competitorem
1131 3082 1412 3170 praestantissime

115 3276 117 3282 ,
234 3199 346 3266 anmt
373 3194 435 3264 Sed
454 3213 526 3262 eam
548 3190 633 3261 Ordo
647 3192 948 3264 iureconsultorum
966 3197 1001 3264 in
1018 3203 1075 3265 tuo
1088 3201 1208 3288 scripto
1228 3201 1412 3272 observavit

233 3314 487 3406 praestantiam,
517 3318 556 3380 ui
577 3312 700 3380 nemini
724 3333 787 3381 non
811 3311 946 3384 laudum
969 3316 1096 3384 aemulo
1122 3316 1255 3388 dubiam
1277 3319 1410 3390 fecisses

233 3433 414 3529 yictoriam.
460 3430 521 3498 nn.
541 3431 644 3518 igitur
671 3431 816 3504 debitum
834 3433 895 3500 tihi
929 3442 1026 3523 atque
1059 3436 1228 3507 decretum
1255 3440 1406 3511 victoriae

234 3552 433 3643 praemium!
457 3569 522 3618 non
540 3549 724 3617 tementibi
745 3553 871 3638 magis,
894 3573 992 3640 quam
1005 3554 1305 3640 Commilitonihus‚
1324 3557 1403 3624 inci·

234 3679 397 3750 tamenta,
439 3677 494 3749 ut,
539 3668 580 3736 ad
614 3669 666 3736 tui
699 3670 819 3750 instar,
855 3670 910 3739 illa
942 3674 1062 3762 singuli
1101 3675 1268 3747 doctrinae
1317 3677 1409 3767 copis

235 3798 406 3869 crescant,
430 3807 549 3878 quam,
572 3807 612 3855 cx
629 3787 1131 3876 conjunctoscilicetLitcrarum
1145 3801 1177 3864 et
1198 3795 1287 3863 Juris
1298 3794 1411 3863 Civilis

236 3908 344 3978 studio
364 3905 536 3995 diligenter
555 3915 789 3996 comparatam,
813 3932 877 3982 nan
896 3913 965 3984 sine
983 3933 1101 4004 magno
1121 3915 1222 3988 animi
1237 3915 1358 4006 gaudio
1379 3918 1415 3985 in

234 4035 267 4096 te
286 4047 374 4096 nunc
393 4024 578 4096 audivimus
599 4026 790 4117 praedicari.
