3046 5036
807 344 856 420 36

241 546 340 616 solam
364 543 447 618 hanc
467 543 552 608 vitae
572 555 647 608 vere
664 539 868 620 Christianae
891 557 1058 618 normam;
1082 541 1317 629 prohibitorum
1335 543 1423 613 adeo

239 664 397 738 librorum
420 659 580 746 Catalogis
604 659 720 730 Sacrae
743 659 930 748 Scripturas
953 661 1116 728 versiones
1136 662 1347 730 inseruerint:
1370 700 1426 714 -

239 782 343 852 abbrit
359 787 459 848 tanta·
470 780 619 866 impietas
640 778 681 846 ab
699 777 844 848 Ecclesia
861 778 993 848 Graeca.
1025 778 1189 872 Supremo
1202 801 1329 870 semper
1345 781 1425 852 loco

237 902 317 973 baec
341 900 433 978 Sacri
451 897 565 966 habuit
588 898 816 978 auctoritatem
832 895 957 966 Codicis
967 919 982 978 ς,
1000 897 1136 986 eiusque
1153 897 1325 968 lectionem
1348 921 1422 969 om·

237 1017 527 1108 nibusperruisit,
552 1017 703 1098 omnibns
724 1015 982 1098 commendarit,
1005 1018 1207 1086 versionibus
1233 1017 1422 1090 faciliorem

238 1139 388 1218 omnibus
408 1135 559 1218 reddidit.
607 1136 717 1218 llaec,¹
732 1137 813 1204 haec
836 1137 989 1223 inquam,
1011 1137 1158 1204 omnium
1175 1143 1224 1204 est
1247 1137 1423 1224 pretiosis-

198 1257 201 1264 “
236 1231 319 1336 sima
353 1265 386 1326 et
409 1231 536 1334 sancta¹
551 1254 716 1336 lleolesiae
735 1255 877 1324 (braccae
896 1257 1070 1346 possessioi
1117 1253 1281 1342 Quicquid
1305 1256 1420 1342 enim,

235 1399 294 1468 per
310 1377 499 1457 sacculorum¹
517 1351 711 1456 decursum,
732 1374 878 1456 maculae
899 1375 962 1442 sibi
974 1373 1173 1456 auterroris
1194 1375 1418 1443 contraxerit:

165 1511 167 1523 ·
236 1497 325 1568 salva
352 1496 541 1583 scripturae
567 1491 907 1576 Sacraefauctoritatc
933 1498 976 1572 ¹et
1006 1510 1084 1570 usu,
1119 1489 1207 1558 salva
1228 1491 1328 1560 simul
1351 1493 1417 1581 ipsi

229 1614 287 1684 ”ria
316 1620 388 1692 est,
417 1589 496 1700 'qua'
522 1611 563 1691 ad
595 1631 740 1696 omnem,
758 1612 913 1680 continuo
936 1609 1152 1688 Christianam
1182 1608 1412 1697 perlectionem

233 1732 397 1823 procedat
940 1751 943 1758 ⁴

281 1856 386 1926 Tanta
404 1856 441 1927 Α.
451 1857 505 1927 nt
522 1858 719 1928 Graecorum
729 1857 993 1934 ⁴Christianorum
1008 1860 1119 1922 coatus
1137 1855 1415 1947 llcclesiaesclris·

237 1977 319 2047 mati
339 1976 444 2048 debet.
487 1964 596 2059 'Quam
617 1977 700 2064 justi
716 1997 792 2048 vero
818 1976 935 2047 horum
956 1973 1103 2042 omnium
1131 1975 1194 2062 ipsi
1213 1975 1328 2050 Graeci
1345 1975 1417 2046 tue·

235 2095 304 2165 rint
327 2097 562 2176 aestimatores,
586 2095 647 2163 hoc
665 2115 783 2184 quaeso
801 2094 946 2163 eliracci
969 2091 1110 2166 bominis
1133 2092 1286 2166 Secllll.
1307 2096 1417 2164 verbis

235 2215 434 2304 intelligatis.
485 2215 546 2283 »Si
565 2216 731 2292 Romanus
749 2211 930 2292 Pontiicx'’,
949 2213 996 2280 ita
1015 2211 1057 2279 ad
1069 2211 1258 2281 Latinorum
1270 2213 1417 2301 legatum

235 2347 399 2409 nicusus,
411 2336 519 2422 inquit
541 2333 796 2430 Nicomediensis
816 2332 1015 2420 Episcopus,
1040 2330 1101 2398 »st
1120 2331 1285 2400 Romanus
1304 2332 1414 2408 Ponti·
1508 2307 1509 2340 ἱ

236 2451 314 2520 »lox
337 2453 372 2522 in
392 2452 517 2523 excelso
538 2451 655 2520 throno
678 2452 798 2540 gloriae
819 2469 896 2522 suae
918 2449 1086 2531 residens,
1107 2449 1200 2518 nobis
1223 2457 1353 2529 tonare,
1376 2459 1414 2518 ot

236 2571 355 2657 aquosi
374 2571 532 2660 projicere
550 2571 784 2648 mandatasua
803 2570 843 2638 de
866 2569 998 2641 sublimi
1016 2569 1177 2648 voluerit,
1200 2576 1234 2636 et
1256 2587 1320 2636 non
1338 2588 1413 2637 nos·

236 2693 312 2754 »tro
340 2689 493 2769 consilio,
528 2689 585 2758 scd
607 2692 748 2780 proprio*
767 2691 924 2770 arbitrio,
954 2709 1013 2778 pro
1040 2687 1239 2776 beneplacito
1262 2709 1343 2769 suo,
1370 2687 1406 2756 dc

236 2805 408 2883 »nobiset
429 2808 585 2884 Ecclesiis
608 2810 728 2886 uostris
743 2810 906 2897 iudicare,
929 2811 996 2878 imo
1012 2806 1344 2898 impurarevoluerit,
1365 2843 1410 2860 ·-
1507 2807 1508 2844 ³

234 2939 343 3011 »quae
361 2924 564 3009 fraternitas,
589 2949 646 2998 sau
664 2929 763 2998 etiarn
775 2945 866 3017 'quae
886 2929 1070 3016 paternitas,
1082 2927 1170 3004 bace¹
1181 2945 1251 2996 esso
1270 2926 1410 3016 poterit?

235 3043 340 3126 »Quis
369 3043 433 3112 hoc·
451 3065 610 3134 umquam
636 3065 738 3134 aequo
751 3047 873 3124 ‚animo
903 3047 1064 3114 sustinere
1085 3047 1210 3134 *queatt
1242 3083 1288 3098 -
1320 3047 1413 3146 'lunc

235 3179 376 3250 »nempe
394 3165 465 3240 veri
483 3167 568 3234 servi
591 3172 625 3234 et
643 3181 708 3243 non
732 3163 790 3233 tilii
801 3163 977 3242 ,ccclesiae
999 3171 1088 3232 recte
1099 3164 1360 3266 ·dici·possemus
1378 3174 1414 3234 et

235 3301 362 3356 nesse„
388 3282 486 3364 anod·
498 3283 526 3350 si
550 3284 598 3352 sic
620 3301 751 3354 necesse
769 3291 872 3364 esset,
902 3286 1004 3352 etita
1022 3303 1121 3370 grave
1139 3284 1257 3372 jugum
1277 3285 1415 3354 cervici-

234 3400 320 3470 »bus
346 3402 466 3474 nostris
493 3402 689 3489 portandum
708 3403 912 3482 immineret,
936 3401 1018 3470 nihil
1045 3401 1134 3470 aliud
1163 3411 1323 3483 restaret,
1347 3404 1416 3482 nisi

232 3520 343 3609 »quod
366 3521 434 3590 sola
456 3521 601 3596 Romana
623 3521 769 3592 Ecclesia
792 3519 965 3614 libertate,
997 3539 1061 3608 quo
1084 3521 1200 3601 vellet,
1224 3521 1413 3603 frueretur,

232 3646 291 3706 »et
313 3639 386 3716 aliis
408 3640 541 3728 quidem
568 3640 719 3738 omnibus
742 3641 812 3727 ipsa
834 3637 922 3724 leges
950 3638 1124 3726 conderet,
1147 3641 1217 3729 ipsa
1239 3659 1316 3708 vero
1339 3641 1413 3710 sine

232 3756 329 3844 »lege
351 3765 456 3838 esset,
479 3759 601 3847 etjam
629 3779 694 3826 uon
717 3759 899 3846 piamater
920 3756 1061 3826 liliorum
1072 3803 1082 3839 ‚
1105 3758 1162 3828 sed
1184 3758 1267 3831 dura
1290 3765 1324 3828 et
1345 3759 1413 3828 im·

232 3877 383 3964 spetiosa
406 3875 537 3965 domina
558 3896 726 3958 seruorum
749 3875 916 3949 videretur·
938 3885 1088 3958 att-essct.
1123 3915 1185 3934 ...,
1204 3876 1289 3960 Quid
1307 3879 1414 3966 igitur

232 3997 350 4064 »nobis
371 3995 616 4084 Scripturarnm
639 3996 796 4076 scientia?
845 3996 930 4080 Quid
953 3993 1046 4064 nobis
1067 3994 1253 4066 literarum
1274 3996 1412 4072 studia?

233 4114 355 4198 »Quid
369 4115 618 4205 magistrorum¹
636 4092 825 4184 doctrinalis
852 4112 1049 4204 disciplina?
1106 4113 1190 4197 Quid
1208 4118 1414 4204 *sapientum

232 4234 456 4310 »Graecorum
482 4232 681 4318 nobilissima
712 4233 864 4322 ingenia?
894 4270 941 4286 —·-
972 4231 1046 4302 Sola
1076 4233 1212 4304 Romani
1243 4235 1413 4304 Pontideis

196 4409 198 4414 .
231 4355 454 4436 cauctoritas,
476 4375 579 4444 quae,
603 4353 688 4426 siout
712 4362 750 4440 tu
781 4353 884 4450 dicis,
906 4372 1005 4446 super
1025 4373 1136 4426 omues
1158 4363 1229 4436 est,
1258 4355 1412 4430 anniversa
