3046 5036
809 379 832 451 b

278 567 400 653 Quodsi
423 566 611 656 dogmatum
633 573 846 661 respiciamus
866 569 1057 649 historiam,
1080 589 1163 656 quae
1179 578 1212 638 et
1232 571 1335 639 torma
1355 592 1412 640 ra·

230 689 284 756 ria
300 697 335 757 et
358 709 494 757 numero
517 689 584 760 lere
601 690 728 758 infinita
751 691 785 758 in
808 688 950 758 Ecclesia
967 688 1191 771 invaluerunt,
1215 712 1331 780 parum
1353 692 1412 760 ab·

228 815 305 888 est,
328 810 407 897 quin
431 808 622 898 simplicitas
651 807 706 876 illa
738 808 926 902 doctrinae,
947 827 1046 896 quam
1072 808 1294 890 celebramus,
1323 809 1413 878 desi-

227 927 366 995 deretur
385 933 463 995 tota.
510 928 616 995 Testis
635 927 837 1007 esthamoe,
861 935 1058 1016 quantopere
1074 949 1093 996 a
1111 929 1250 1017 pristina
1266 927 1415 1018 discipli-

109 1109 112 1115 .
227 1055 293 1113 bae
312 1045 459 1134 puritate
477 1053 510 1114 et
528 1047 716 1116 sinceritate
737 1047 940 1126 discesserit,
961 1066 1045 1134 quac
1068 1049 1157 1114 omni
1179 1054 1324 1135 tempore
1346 1045 1416 1115 luit
1511 1147 1512 1152 ἵ

229 1163 409 1251 Religionis
437 1164 638 1234 Christianae
665 1165 816 1234 conditio.
863 1163 1062 1252 Religionem
1086 1164 1178 1233 nohis
1201 1174 1277 1234 ante
1299 1165 1415 1234 oculos

226 1284 321 1371 ponit
341 1283 552 1352 fluctuantem
571 1290 727 1373 perpetuo
746 1292 779 1352 et
794 1283 963 1351 bominum
985 1283 1103 1350 studiis
1122 1284 1412 1366 commaculatam,

231 1404 288 1491 qui
307 1423 342 1470 se
359 1401 408 1470 vel
421 1403 467 1469 sic
480 1409 589 1470 tamen
607 1402 695 1469 illins
718 1422 850 1470 causam
867 1403 987 1490 optime
1001 1422 1097 1490 agere
1112 1411 1287 1491 sancteque
1304 1404 1408 1472 vindi-

225 1537 305 1610 care
317 1520 504 1610 credebant·
524 1518 650 1599 Refert,
667 1522 775 1588 nescio
786 1523 882 1608 quas,
897 1519 1095 1602 luxuriantis
1107 1522 1229 1608 ingenii
1245 1522 1406 1604 fictiones,

227 1644 343 1710 inanes
361 1639 434 1707 illas
450 1645 486 1708 et
498 1637 641 1713 subinde
659 1639 834 1717 absurdas,
856 1637 913 1705 sed
934 1659 995 1726 pro
1015 1639 1217 1724 Christianae
1239 1641 1401 1710 doctrinae

228 1760 358 1848 placitis
387 1757 569 1826 ventilatas
623 1755 856 1842 Incredibilem*
877 1755 948 1824 tere
971 1757 1175 1844 spinosarum
1199 1768 1233 1827 et
1265 1763 1406 1830 maxime

228 1879 362 1946 exilium
382 1873 705 1964 quaestiuncularum
719 1877 896 1942 vanitatem
912 1874 1057 1956 exhibet,
1079 1878 1320 1967 maximamque
1337 1881 1406 1948 dis·
1511 1883 1512 1906 ³

227 1996 435 2085 putationum
454 1993 776 2064 intricatissimarum
798 1994 938 2082 copiam.
981 1994 1127 2082 Longam
1145 2001 1296 2066 'recenset
1319 2001 1406 2068 varie

227 2112 392 2182 arumde
416 2111 582 2198 religionis
605 2111 752 2180 doctrina
782 2114 969 2202 opinionum
995 2115 1127 2182 seriem.
1173 2115 1216 2182 Et
1239 2135 1315 2184 vero
1340 2117 1407 2185 dis·

227 2233 462 2310 sentientium,
483 2229 744 2311 baereticorum,
766 2231 1112 2320 schismaticorumque
1134 2241 1203 2300 tam
1226 2235 1354 2304 infinita
1368 2257 1408 2304 ac

228 2351 360 2422 horrida
382 2351 782 2436 commemorotnomim,
805 2357 843 2416 ut
866 2349 916 2417 vel
937 2352 1150 2439 capacissime
1170 2351 1265 2422 homo
1285 2375 1407 2426 memo·

225 2473 278 2542 rid
292 2448 566 2558 praeditus,»vix
580 2467 636 2536 illa
657 2467 762 2536 valcat
780 2487 916 2556 capere.v
967 2523 969 2526 .
996 2477 998 2484 '
1028 2527 1033 2536 .

271 2589 393 2658 uirum
413 2587 516 2673 igitur
531 2585 624 2658 nobis
639 2586 786 2655 accidere
800 2608 863 2656 non
883 2595 1003 2678 potest,
1027 2593 1055 2658 si
1074 2594 1281 2680 reperiantur
1293 2615 1405 2682 quam·
1511 2647 1512 2650 ,

228 2706 380 2799 plurimi,
403 2702 669 2795 quidogmatum
690 2707 956 2776 Christianorum
969 2708 1139 2778 historiam
1156 2713 1270 2796 rudem
1290 2723 1408 2782 vocent
1511 2701 1512 2706 ’

228 2827 486 2914 indigestamque
516 2824 655 2897 molem:
690 2827 747 2913 qui
773 2827 967 2914 disciplinae
989 2828 1088 2916 hujus
1118 2834 1344 2902 tractationem
1368 2842 1407 2916 ut

228 2945 486 3023 intructuosam,
506 2950 558 3010 ‘ut
588 2943 756 3012 molestam
780 2953 870 3012 certe
901 2945 1065 3034 taediique
1085 2949 1333 3036 plenissimam,
1357 2952 1405 3020 iu·

172 3103 176 3108 ·
227 3060 462 3152 gieudnmsibi
486 3073 525 3130 ae
546 3061 831 3150 derelinquendam
859 3069 996 3152 putent(
1031 3065 1127 3133 Haud
1150 3070 1271 3136 mirum
1295 3071 1324 3137 si
1350 3070 1404 3138 sil·

226 3182 391 3251 vacillem
417 3188 604 3268 comparent
623 3179 835 3249 densissimae
866 3183 1033 3270 spinisque
1051 3184 1207 3274 repletae,
1230 3209 1402 3278 perquam
1511 3217 1512 3220 ¹

225 3300 316 3375 nulla
337 3298 520 3388 reperiatur
542 3299 616 3380 ria,
638 3319 657 3367 e
677 3300 865 3388 quaesitus
883 3309 992 3389 pateat
1011 3280 1130 3372 nullus.
1511 3365 1512 3376 ,

273 3417 525 3502 Ουοιίεἱαιιιθη]
552 3438 606 3488 res
630 3438 702 3486 sese
725 3419 771 3485 ita
794 3417 953 3499 baberet,¹
972 3420 1054 3490 foret
1080 3422 1142 3492 boc
1170 3425 1402 3514 deplorandum
1511 3397 1512 3444 ³

226 3557 362 3627 prosus,
385 3543 456 3604 tum
480 3535 573 3616 aliis,
598 3556 737 3624 quornm
761 3537 897 3605 interest
920 3539 1107 3629 religionis,
1130 3564 1227 3630 qnam
1252 3547 1402 3633 profioen.

224 3665 299 3735 tur,
323 3667 516 3744 cognoscere
536 3654 720 3735 lata,-tum
744 3654 786 3722 iis
807 3657 970 3738 maxime,-
993 3662 1051 3750 qni
1071 3663 1106 3728 iu
1119 3662 1316 3752 'Theologiae
1339 3666 1402 3734 dis.-

152 3759 155 3767 ’
225 3763 362 3862 ciptinas
384 3773 588 3846 incumbunt.
614 3773 685 3842 ¹Ad
708 3771 904 3861 Theologunr
929 3779 1025 3846 'enlm
1039 3778 1243 3850 formandum
1262 3785 1402 3872 pruden-

226 3900 293 3964 tem
318 3891 416 3962 simul
438 3899 471 3960 et
492 3911 568 3962 vere
590 3890 779 3971 liberalem,
804 3891 992 3980 dogmatum
1017 3898 1170 3966 historiae
1193 3901 1302 3968 studio
1324 3905 1403 3991 quid
1511 3923 1512 3990 ζ

223 4030 295 4081 esse
317 4009 447 4090 utilius,
470 4011 549 4097 qnid
570 4010 734 4080 efficacius
758 4013 887 4098 potest?
1511 4089 1512 4096 q

276 4131 395 4202 Verum
430 4129 670 4216 qualescunque
702 4131 833 4202 tandem
867 4132 932 4202 sint
960 4135 1008 4203 rci
1040 4134 1233 4206 utilissimae
1267 4138 1403 4208 difficul·
1511 4143 1512 4152 ’

117 4230 120 4238 ’
227 4254 333 4344 tates,
357 4247 444 4320 baud
471 4256 581 4320 tamen
605 4267 664 4318 sua
694 4258 784 4320 caret
816 4252 985 4322 suavitate.
1033 4253 1141 4323 Facile
1159 4258 1247 4344 quis
1278 4260 1404 4346 ingenti

226 4365 281 4434 illa
312 4365 519 4455 dogmatum,
550 4376 730 4450 sectarum,
758 4369 1007 4464 haeresiumque
1029 4374 1239 4444 multitudine
1265 4376 1402 4446 obrutus
