3046 5036
725 329 775 411 53

156 532 353 602 cernebatur
379 531 614 619 depravatione.
663 529 787 613 Quibus
811 533 1027 599 maximorum
1056 533 1253 612 criminum,
1279 505 1334 602 sed

156 673 244 740 quae
276 651 500 741 Eleemosynis
529 650 821 738 largitionibusque
853 649 947 718 iacile
964 635 1240 732 redimebantur,
1273 653 1334 741 ipsi

155 771 280 840 tilericiw
306 771 497 840 Christianis
528 771 647 838 ceteris
680 768 825 858 exemplo
856 775 957 836 erant.
1005 769 1130 852 Quibus
1165 769 1333 838 ridebatur

154 889 239 959 adeo
258 890 471 978 Euangelium
488 891 595 978 ipsum
614 888 758 956 divinam
778 907 871 956 suam
896 888 937 956 ad
954 889 1099 956 homines
1117 887 1335 957 emendandos

149 1011 226 1076 ,vim
240 1009 395 1077 amisisse
420 1017 558 1077 omnem.
1398 995 1404 1006 ’

153 1163 158 1170 ·
200 1129 267 1197 Nec
290 1135 399 1195 tamen
423 1129 586 1194 amiserat.
635 1128 774 1195 'lantum
796 1129 884 1195 enim
907 1127 992 1194 vitae
1016 1126 1214 1196 Christianae
1229 1128 1331 1197 delor-

156 1249 308 1315 mitatem
330 1267 396 1312 non
425 1252 575 1332 poterant
606 1263 670 1316 non
693 1245 752 1314 vel·
773 1245 820 1312 illi
850 1245 971 1314 sentire
1002 1253 1034 1312 et
1063 1245 1254 1328 abhorrere,
1276 1251 1334 1336 qui

152 1364 263 1432 seculi
279 1362 331 1431 sui
352 1364 442 1432 uitiis
462 1355 689 1451 erroribusque
712 1370 857 1448 ceterum
880 1363 982 1438 dediti
1005 1371 1124 1435 essent.
1171 1367 1244 1454 lpsd
1266 1388 1332 1435 ma·

155 1483 266 1550 lorum
286 1477 482 1550 conscientid
501 1481 674 1550 audiebant
693 1481 780 1548 illam
798 1481 942 1570 Apostoli
961 1502 1093 1563 vocem,
1114 1484 1155 1550 ad
1175 1485 1334 1554 Romanos

159 1601 349 1670 scribentis:
377 1603 597 1690 resorornmini
616 1604 651 1667 in
677 1601 812 1668 nouitate
840 1623 948 1668 sersus
978 1604 1094 1670 vostri!
1141 1601 1275 1692 Quaque
1299 1625 1333 1678 se

155 1723 300 1789 manime
317 1720 463 1808 indigere
479 1721 542 1808 ipsi
557 1713 739 1789 sentiebant
754 1719 993 1800 emendatione,
1009 1711 1107 1808 quam
1127 1717 1217 1798 aliie,
1234 1737 1332 1806 quam

155 1840 306 1908 omnibus
327 1839 429 1908 ferme
451 1840 602 1908 videbant
622 1841 837 1910 neeessariam
854 1857 1004 1926 prorsus,
1027 1839 1111 1906 banc
1130 1847 1203 1928 apte
1219 1839 1329 1930 Refor-
1376 1823 1378 1828 ’

156 1959 326 2024 motionem
351 1957 477 2024 dixere:
502 1959 590 2026 illam
614 1959 794 2026 iudicantes
827 1975 978 2036 morum,
1000 1957 1107 2036 vitae,
1131 1960 1232 2026 animi
1262 1979 1330 2027 cor·

155 2076 354 2154 rectionem,
382 2095 480 2162 quam
508 2076 694 2164 Apostolum
719 2075 857 2143 voluisse
880 2075 995 2144 saltem
1025 2075 1195 2142 obscurius
1214 2078 1331 2146 intelli·

155 2193 287 2281 gabant.
333 2193 487 2276 Quamvis
505 2196 624 2283 igitur,
649 2196 705 2282 qui
727 2193 768 2262 de'
790 2194 849 2262 tali
864 2193 996 2282 quidem
1020 2194 1200 2280 cogitarent
1222 2193 1331 2262 Euole-

152 2313 223 2379 sine
245 2312 503 2392 instauratione,
527 2333 610 2400 quae
633 2335 760 2382 omnem
785 2315 855 2402 ejus
874 2313 1090 2380 conditionem
1113 2319 1147 2379 et
1169 2313 1330 2401 imprimis

149 2430 333 2500 doctrinam
354 2439 531 2520 spectaret,
556 2432 605 2500 vel
629 2439 719 2514 tum,
742 2433 792 2502 vel
815 2433 872 2500 diu
895 2433 994 2500 etiam
1016 2437 1104 2520 post,
1127 2432 1328 2520 reperieban-

149 2557 210 2617 tur
239 2551 293 2616 vix
315 2550 394 2627 ulli;
428 2571 492 2618 non
516 2551 649 2620 deerant
679 2561 807 2630 tamen,
830 2553 889 2638 qui
918 2549 1070 2617 moralem
1100 2551 1263 2620 Ecclesiae
1295 2555 1329 2620 in

147 2667 307 2736 membris
334 2671 403 2738 suis
425 2672 747 2759 regeneratiooen.et
777 2675 886 2738 mente
913 2671 1136 2758 susciperent,
1160 2678 1193 2736 et
1219 2655 1326 2739 uerbis

152 2789 380 2870 enuntiarent,
404 2797 437 2857 et
455 2810 531 2858 vero
550 2810 586 2857 re
601 2789 760 2878 lactisque
782 2787 909 2856 efficere
928 2788 997 2875 jam
1018 2793 1222 2856 conarentur.

162 3051 165 3060 ’
195 3025 326 3097 illustre
356 3031 577 3118 spectactdum
600 3037 667 3112 est,
703 3029 809 3119 quod,
833 3031 884 3098 his
915 3031 994 3118 ipsis
1019 3027 1257 3118 temporibus,¹
1277 3029 1327 3097 rei

150 3142 351 3214 Christianae
363 3148 499 3217 historia
515 3149 620 3218 client.
668 3152 900 3238 Depravatam,
924 3148 1043 3230 fateor,
1066 3167 1194 3216 omnem
1217 3147 1326 3217 Eccle-

148 3261 234 3328 siam
261 3256 443 3347 ceruimus,
478 3276 512 3334 at
538 3267 783 3355 displicentem,
817 3269 1030 3350 reluctantem
1061 3268 1145 3347 sibi,
1168 3288 1326 3356 suamque

151 3380 388 3468 turpitudinem
409 3385 462 3452 vix
484 3383 623 3474 amplius
646 3395 679 3454 et
701 3407 742 3456 ne
765 3391 818 3455 vix
842 3387 973 3475 quidem
992 3387 1158 3455 iacentem.
1205 3386 1326 3464 Adest,

147 3501 270 3567 crescit
301 3501 429 3590 aliquod
457 3505 572 3573 saltem
600 3527 700 3575 novae
728 3507 813 3574 vitae
839 3507 1055 3596 principium,
1082 3489 1205 3572 morale
1227 3503 1325 3583 illud,

144 3635 210 3703 quo
227 3622 399 3708 praecipue
418 3631 525 3693 cetera
543 3626 696 3694 nituntur
715 3611 842 3706 omnia,
865 3627 952 3694 unde
971 3625 1085 3693 melior
1103 3621 1235 3692 tandem
1251 3629 1323 3690 orta

143 3743 194 3802 est
214 3736 377 3806 Ecclesiae
400 3731 493 3808 ratio.
540 3744 583 3810 Et
606 3747 754 3831 quamvis
778 3767 841 3813 non
861 3745 1014 3812 continuo
1034 3744 1198 3830 integrum
1221 3763 1323 3812 emer·
1350 3825 1351 3828 Ἴ

140 3862 233 3941 geret
261 3857 397 3947 vitiique
417 3849 558 3949 expers,
587 3862 635 3928 ita
663 3865 860 3951 castigatum
883 3871 916 3932 et
940 3869 1072 3932 auctum
1106 3871 1156 3931 est
1179 3863 1319 3939 sensim,

140 3980 179 4041 ut
201 3974 372 4063 aliquando
388 3999 498 4048 carere
520 3981 633 4050 visua
652 3985 842 4071 neutiquam
862 3989 979 4072 posset.

190 4092 328 4162 Orrouns
358 4105 390 4164 et
413 4119 557 4168 uerercos
583 4109 708 4182 testor,
739 4103 862 4190 primos
885 4100 991 4170 illose
1015 4100 1183 4172 Germanis
1210 4097 1324 4164 Roma·

143 4231 262 4283 norum
294 4212 532 4304 Imperatores,
563 4223 686 4308 primos
717 4222 816 4288 etiam
847 4213 906 4289 hoc
936 4229 1070 4289 strenue
1099 4223 1251 4304 agentes,
1286 4226 1324 4285 ut

144 4335 533 4422 corruptis'rcsisteretur
552 4337 716 4410 Ecclesiae
737 4329 890 4410 rnoribus.
939 4343 1099 4408 Romanos
1119 4334 1197 4404 adeo
1216 4317 1323 4404 Ponti-
