3052 5028
789 327 838 401 88

232 522 425 613 Religionis,
447 525 601 612 temporis
625 524 774 590 universe
786 519 870 609 quod
888 521 1028 587 vivimus
1045 522 1220 590 commodis
1233 532 1265 592 el
1283 527 1408 600 emolu-

230 651 338 712 mento
358 643 420 731 ipsi
442 641 574 730 quidem
598 641 768 709 videantur
791 639 961 728 prodesse;
991 677 1037 691 -
1066 640 1216 728 equidem
1240 651 1409 718 conversis

229 765 262 830 in
283 764 399 832 aetatis
423 770 551 830 nostrae
575 762 732 829 rationem
755 759 877 837 oeulis,
901 759 1098 846 Divinaeque
1121 758 1297 848 Religionis
1322 787 1410 855 quae
1513 766 1514 796 l

229 902 317 950 nuno
351 887 401 949 est
432 879 606 948 conditioni
635 882 797 958 intentm,
833 877 907 945 inde
933 877 1140 964 repetendam
1172 878 1269 962 duxi,
1304 905 1408 974 quam

229 1021 392 1070 sumerem
418 999 499 1066 milri
522 1019 631 1066 eorum
655 999 745 1066 vobis
767 996 900 1066 dicendi«
918 996 1102 1066 materiam.

272 1119 337 1188 Neo
361 1118 477 1186 desunt
500 1117 663 1207 prolecto,
687 1137 769 1207 quae
800 1109 869 1183 tulo
892 1114 980 1182 dieas
1012 1107 1101 1203 signu
1125 1120 1272 1205 temporis
1295 1127 1407 1194 nostri.
1514 1114 1515 1136 ¹

228 1240 266 1320 ln
285 1237 337 1306 his
360 1257 435 1306 vero
456 1255 580 1314 unum,
609 1237 694 1326 quod
719 1257 822 1324 neque
848 1251 904 1300 vos
927 1231 1061 1320 effugit,
1086 1243 1244 1326 quotquot
1266 1240 1408 1332 Religio·

228 1359 280 1426 nis
298 1378 336 1426 ae
364 1335 577 1425 humanitatis
604 1359 683 1426 estis
707 1355 922 1430 amantiores,
954 1371 1058 1440 neque
1080 1373 1187 1424 meam
1210 1377 1275 1426 uon
1299 1364 1410 1450 potuit

228 1477 395 1546 advertere
435 1485 577 1545 mentem
612 1497 746 1566 eamque
785 1491 1014 1561 saepenumero
1056 1491 1246 1561 suspensam
1281 1486 1404 1552 tenere.

226 1598 293 1665 Hoo
305 1595 375 1663 volo
386 1597 425 1664 Α.
437 1597 476 1664 Α.
490 1617 561 1664 eam
571 1598 662 1664 'nuno
672 1617 742 1664 esse
758 1591 949 1683 populorum
963 1589 1012 1658 vel
1025 1590 1283 1666 cultissimorum
1295 1600 1404 1670 oondi·

219 1718 350 1786 ,tiouem
370 1716 534 1804 vitamque
558 1715 734 1794 moralem,
769 1721 807 1780 ut
833 1717 962 1779 sanotae
986 1710 1163 1799 Religionis
1186 1715 1239 1784 vis·
1262 1717 1399 1787 heuelioa
1515 1711 1516 1728 ¹

228 1833 364 1902 subinde
376 1835 494 1902 misere
517 1833 632 1912 lateat;
657 1841 689 1902 et
707 1834 783 1901 lieet
796 1854 833 1904 ea
849 1832 891 1900 sit
904 1829 1041 1900 felicitas
1064 1834 1220 1923 temporis
1233 1837 1342 1918 nostri,
1363 1845 1402 1906 ut

227 1955 404 2023 revixerint
416 1952 501 2042 apud
514 1953 701 2024 innumeros
714 1953 863 2020 homiues
874 1949 1051 2038 Religionis
1069 1952 1304 2044 Euangeliique
1315 1976 1406 2024 amor

228 2094 265 2142 ao
278 2073 435 2152 studium,
452 2073 531 2140 haee
543 2081 651 2142 tamen
672 2075 719 2140 sio
739 2074 957 2152 revixissent
973 2070 1071 2138 simul
1091 2072 1291 2142 invaluerint
1306 2076 1409 2157 rixae,

228 2202 398 2260 renovatae
421 2195 488 2261 sint
511 2192 691 2271 laetioneS‚
716 2201 748 2259 et
765 2191 976 2259 dominentur
988 2188 1082 2258 hodie
1098 2191 1204 2260 ubivis
1215 2192 1289 2282 plus
1307 2213 1409 2282 quam

230 2311 406 2400 theologica
423 2312 507 2381 odia.
542 2311 640 2400 Cujus
663 2312 710 2379 rei
733 2310 937 2377 tristissimae
953 2293 1105 2398 princeps
1116 2310 1231 2379 saltem
1252 2331 1291 2380 ao
1309 2333 1409 2400 prae-

227 2431 322 2516 cipua
336 2448 444 2508 causa,
463 2450 537 2498 oum
551 2431 584 2496 in
605 2431 688 2498 male
702 2429 863 2497 intellecta
883 2435 915 2495 et
933 2427 1077 2496 adhibita
1102 2429 1279 2518 Religionis
1298 2430 1410 2502 indole

227 2546 348 2622 lateat,
374 2545 516 2636 adeoque
539 2548 650 2616 eadem
676 2549 731 2618 illa
759 2549 823 2627 sit,
857 2565 940 2634 quae
970 2546 1060 2614 omni
1085 2545 1154 2616 lere
1176 2556 1321 2637 tempore
1355 2553 1410 2620 rei

229 2665 430 2742 Christianae
452 2666 576 2736 oladem
599 2669 825 2755 gravissimam
853 2665 984 2744 intulit,
1010 2686 1127 2755 operae
1155 2669 1286 2736 omuino
1305 2673 1412 2758 preti·

230 2804 287 2854 um
307 2784 471 2854 iacturum
498 2807 549 2855 me
573 2807 687 2876 spero,
723 2788 751 2854 si
787 2785 871 2854 hano
903 2805 1034 2854 eausam
1058 2785 1211 2855 historice
1238 2787 1329 2856 robis
1351 2810 1412 2861 ex·

231 2903 372 2994 pliouudi
391 2905 571 2994 perieulum
596 2906 725 2974 lanium.
761 2905 874 2972 Rioam
901 2904 1021 2992 igitur:
1045 2905 1094 2974 Do
1113 2907 1292 2995 Religionis
1308 2908 1412 2980 olri-

178 3069 185 3077 -
230 3025 349 3094 alianae
368 3025 473 3092 indole
487 3027 639 3115 martino,
657 3026 705 3092 aeti
722 3033 813 3091 anteo
830 3044 952 3109 semper
964 3023 1010 3091 sio
1021 3023 1145 3091 omnino
1157 3024 1257 3106 lodie,
1268 3027 1411 3100 multum

227 3145 378 3232 neglecto.
403 3145 514 3214 llioam
525 3144 666 3233 quidem,
681 3142 914 3212 Humanissimi
925 3142 1111 3211 Auditoresl
1132 3163 1196 3212 non
1208 3153 1246 3212 ut
1258 3145 1410 3231 voluero,

228 3261 337 3340 sedat
353 3270 474 3350 potero.
510 3263 552 3330 At
570 3263 629 3334 Dei
649 3261 769 3330 auxilio
796 3263 983 3350 vestrique,
1004 3259 1126 3329 dudum
1146 3253 1229 3331 mihi
1258 3269 1408 3354 angnia,

115 3417 119 3426 .
227 3380 442 3468 benivolentid
466 3379 590 3460 lreluS,
613 3382 651 3450 ed
675 3389 750 3450 utar
780 3381 881 3448 animi
904 3378 1094 3469 dicendique
1117 3379 1283 3465 libertate,
1305 3407 1404 3476 quam

229 3501 277 3568 uli
294 3500 340 3568 rei
357 3501 510 3586 gravitas,
528 3501 573 3568 ila
586 3487 757 3588 temporis
770 3499 855 3586 quod
867 3489 1017 3579 vivimus,
1030 3499 1205 3568 nenessitas
1216 3509 1249 3570 et
1260 3505 1399 3573 verolu-

226 3618 277 3706 jus
294 3617 470 3687 cathedrae
486 3617 794 3705 lugduno-Batavos
808 3618 949 3706 dignitas
962 3626 996 3686 et
1011 3619 1188 3690 auotoritas
1204 3621 1381 3709 postulant.

726 3825 920 3839 m

720 3841 915 3853 m

270 3973 439 4066 Duplioem
460 3981 569 4040 autem
594 3975 778 4063 argumenti
800 3975 958 4043 rationem
982 3977 1029 4042 sio
1049 3974 1203 4064 bipertita
1225 3981 1333 4048 omnis
1355 4002 1409 4051 se·

226 4102 345 4182 quatur
371 4093 495 4170 oratio,
528 4093 697 4160 utstatim
721 4092 852 4180 quidem
877 4093 930 4173 id,
950 4094 1036 4182 quod
1059 4096 1093 4163 in
1116 4096 1300 4166 Christiana
1318 4099 1408 4170 Reli-

225 4213 320 4302 gioue
342 4213 474 4280 omnino
490 4230 656 4279 summum
678 4221 743 4292 est,
765 4232 823 4306 pro
843 4212 968 4281 viribus
990 4213 1081 4283 vobis
1103 4235 1274 4305 exponam.

271 4329 391 4412 Quodsi
417 4329 575 4402 affirmem
601 4331 718 4418 igitur,
744 4331 887 4402 divinam
911 4331 993 4404 hano
1011 4334 1211 4426 Religionem
1229 4339 1318 4408 omni
1341 4357 1408 4410 sua
