3046 5036
795 331 820 402 6

221 543 275 598 mo
290 525 398 593 studio
416 523 555 592 attendit
578 531 611 590 et
634 520 888 609 contemplatur,
911 528 1088 608 quaesunt
1107 529 1199 588 extra
1220 541 1254 590 se
1277 523 1405 609 posita,
1516 609 1517 622 ἢ

222 656 434 734 quaecunque
456 641 507 708 vel
533 660 652 729 magna
678 647 756 708 sunt
782 640 832 709 vel
858 641 942 708 mira
969 640 1020 708 vel
1048 640 1200 711 illustria.
1246 639 1405 719 codam,
1516 649 1517 680 ¹

150 791 152 796 ·
222 769 333 842 astra,
355 760 458 831 nubes
477 759 679 850 adspiciens,
703 761 738 827 in
759 759 910 828 sublimia
929 759 993 826 ista
1009 779 1044 828 se
1062 778 1203 848 suasque
1222 779 1276 828 res
1294 767 1405 842 &aas

221 881 295 951 icat.
343 878 517 948 Phantasia
540 879 610 967 ipse
631 895 692 946 sua
711 877 817 966 decipi
837 892 965 956 amans,
988 875 1105 946 faciem
1128 878 1163 944 in
1188 875 1266 944 luna
1288 892 1408 966 agnos·

224 1001 271 1068 cit
292 998 491 1078 humanam,
514 998 550 1068 in
572 996 714 1068 nubibus
737 998 885 1086 gigantes
908 995 1003 1082 lingit
1025 1013 1138 1064 secum
1164 995 1304 1064 invicem
1327 1015 1406 1064 con·

223 1115 410 1198 tendentes,
432 1115 540 1186 rabinis
558 1115 727 1194 hominnm
746 1115 1000 1202 animaliumque
1019 1112 1140 1182 formas
1159 1114 1302 1202 reperit,
1320 1113 1408 1186 lueis

224 1237 304 1310 adeo
325 1233 483 1327 palatium
506 1234 568 1304 sibi
592 1254 726 1303 cernere
754 1233 905 1314 videtur,
935 1241 968 1302 et
995 1233 1123 1322 quaerit
1149 1231 1190 1300 de
1222 1231 1408 1304 illustribus

225 1356 279 1428 iris
299 1354 471 1434 omnibus,
495 1353 589 1442 quasi
615 1373 728 1442 reapse
748 1351 909 1423 adessent.
957 1351 1011 1420 Sic
1029 1353 1137 1420 nescio
1159 1369 1243 1440 quae
1260 1351 1408 1422 sibi'fin·

227 1493 310 1564 gens
330 1482 365 1543 et
394 1471 580 1551 somnians,
610 1471 646 1538 in
673 1473 804 1559 quosvis
833 1472 956 1560 ingenii
978 1470 1091 1550 lusus,
1114 1471 1178 1559 ipsi
1201 1469 1408 1542 dadcissimos

226 1591 359 1683 quidem
382 1590 440 1658 sed
458 1591 582 1668 inanes,
597 1588 767 1677 abripitur.

274 1709 338 1780 Sed
362 1708 485 1777 labitur
510 1715 616 1787 aetas,
652 1707 837 1796 sensimque
862 1728 882 1775 a
905 1707 1054 1796 lingendo
1077 1706 1118 1774 ad
1148 1709 1408 1797 cogitandum

228 1831 320 1918 vagis
336 1828 410 1896 istis
427 1825 753 1914 contemplationibus
763 1833 773 1906 ,'
795 1825 914 1915 quibus
933 1825 1040 1895 adhuc
1055 1824 1255 1908 indrdserat‚
1278 1830 1319 1898 ad
1338 1851 1409 1900 oer-

230 1948 347 2018 tiorem
368 1945 492 2036 ingenii
515 1964 612 2015 usum
634 1943 842 2034 progreditur
864 1944 970 2012 homo.
1017 1944 1114 2032 Viget
1126 1945 1196 2034 J'am
1212 1949 1317 2030 ratio,
1339 1969 1409 2019 ma·

226 2068 378 2158 jonasque
394 2065 429 2134 in
448 2063 518 2134 dies
537 2064 657 2154 accipit
678 2064 765 2132 vires
783 2063 957 2152 judicium.
1004 2063 1108 2133 Hasce
1126 2082 1286 2156 usurpare
1307 2068 1409 2138 facul·

228 2195 314 2258 tates
335 2193 369 2256 et
394 2203 543 2254 exserere
565 2192 599 2252 et
621 2189 783 2252 ostentare
803 2185 916 2270 gestit.
961 2183 1031 2253 Non
1058 2183 1246 2254 meditando
1267 2197 1325 2257 aut
1348 2185 1408 2258 tin·

230 2305 337 2396 gendo
350 2305 448 2375 unice
462 2302 661 2382 delectatur,
684 2301 741 2370 sod
760 2292 870 2370 mente
887 2301 1070 2390 disquirere
1088 2311 1194 2384 amat,
1210 2304 1410 2394 dijudicare,
1516 2373 1517 2402 q

231 2423 430 2496 ratiocinari.
454 2421 634 2510 indagandi
644 2420 751 2488 oritur
760 2423 943 2488 acerrimus
953 2420 1061 2501 ardor,
1075 2421 1263 2514 disputandi
1279 2443 1409 2497 summa

231 2537 360 2632 cupido,
381 2547 419 2610 ut
435 2538 641 2620 sciscitando,
660 2537 824 2620 rimando,
846 2537 1409 2630 disputando.nili1lereinuetom

230 2659 404 2748 relinquat.
950 2717 953 2725 .

278 2777 318 2849 ln
333 2777 519 2846 his'autem
540 2776 705 2857 omnihus,
729 2785 767 2845 ut
788 2785 895 2846 aetate
913 2778 1121 2866 progreditur
1142 2779 1256 2860 homo,
1276 2783 1323 2852 ita
1342 2801 1406 2855 ma·

230 2903 287 2993 jus
306 2896 388 2986 quid
409 2895 562 2986 deinceps
590 2904 622 2964 et
648 2897 780 2983 gravius
802 2897 935 2984 expetit.
982 2897 1199 2987 Quaecunque
1223 2901 1274 2969 vel
1296 2903 1411 2974 didicit

233 3017 284 3086 vel
306 3015 529 3095 ratiocinando
558 3021 609 3082 est
635 3021 820 3094 assecutus,
851 3014 931 3083 haec
951 3016 1058 3102 magis
1083 3019 1251 3109 magisque
1274 3021 1309 3090 lu
1331 3044 1411 3094 usus

234 3141 341 3205 tentat
360 3141 549 3204 convertere
573 3151 660 3201 snos.
695 3134 723 3202 Α
741 3132 912 3221 cogitando
931 3133 1183 3225 disserendaque
1201 3138 1243 3206 ad
1257 3144 1414 3230 amodum

234 3251 430 3322 traducitur.
478 3251 594 3320 Inanes
622 3260 717 3320 vocat
745 3251 933 3342 disputandi
956 3255 1103 3342 argutias
1132 3264 1166 3324 et
1195 3257 1420 3347 subtilitates„

235 3368 355 3460 quibus
369 3369 471 3458 longe
493 3369 655 3459 praefert,
679 3383 762 3460 quae
784 3387 860 3440 uere
878 3383 955 3440 sunt
978 3375 1072 3442 utilia
1091 3385 1125 3444 et
1142 3376 1312 3448 hominum
1327 3383 1416 3453 vitae

235 3488 490 3558 accommodata.
518 3490 672 3578 *Experiri
691 3491 760 3580 ipse
778 3491 894 3578 gestit,
917 3493 996 3582 quid
1019 3494 1147 3566 valeant
1165 3495 1312 3579 humeri,
1333 3503 1416 3590 quid
1516 3493 1517 3500 '

236 3605 322 3677 ferre
341 3615 502 3676 recusent.
954 3684 963 3700 Ι
1053 3637 1056 3646 ’

281 3725 319 3797 ln
338 3725 437 3795 hacce
456 3727 579 3814 ingenii
599 3727 734 3798 humani
753 3703 976 3816 progressione
995 3731 1147 3801 accedere
1169 3737 1335 3806 cernimus
1358 3739 1416 3808 ho-

238 3847 362 3916 minem
392 3845 433 3913 ad
464 3845 553 3913 illam
580 3846 700 3921 mentis
725 3845 891 3938 animique
918 3848 1135 3919 conditionem
1144 3885 1158 3932 ,¹
1178 3854 1232 3921 cui
1255 3875 1274 3924 a
1298 3866 1419 3930 natura

236 3963 419 4040 dosunatus
449 3973 519 4041 est;
553 3984 612 4032 nec
646 3973 755 4034 tamen
785 3967 933 4054 pervenit
967 3973 1025 4047 eo,
1061 3968 1124 4036 nisi
1158 3978 1282 4042 mature
1305 3987 1420 4052 celate.
1516 3989 1517 4002 ¹

238 4082 356 4151 Plenas
381 4089 460 4149 sunt
479 4099 646 4164 errorum,
671 4099 752 4172 qrras
771 4085 929 4154 hactenus
951 4088 1099 4176 concepit
1122 4088 1162 4159 de
1180 4095 1320 4182 negotiis
1343 4117 1418 4186 gra·
1516 4107 1517 4134 ³

239 4200 383 4268 rioribus
406 4201 581 4290 opiniones.
627 4201 709 4272 Nam
728 4204 835 4294 specie
858 4211 1044 4310 contentus,
1067 4226 1137 4278 rem
1158 4213 1261 4299 ipsam
1280 4234 1344 4283 non
1364 4237 1420 4307 pe·
1516 4187 1517 4240 ἦ

239 4320 329 4392 uitus
351 4319 478 4394 studuit
501 4339 702 4410 cognoscere.
749 4323 842 4393 Nunc
856 4341 941 4394 ‘aero
966 4325 1006 4396 ad
1027 4327 1143 4416 judicii
1163 4329 1323 4404 adductus
1348 4357 1418 4408 mu·
