3046 5036
571 383 582 396 -
698 329 723 404 7

122 530 303 606 turitatem,
319 542 427 592 ocum
443 520 477 590 iu
497 519 586 590 omui
605 537 719 590 caussa
737 529 770 590 ct
785 520 915 612 appelit
929 520 1137 596 vehomenter
1154 535 1188 600 ot
1204 529 1299 602 unice

121 650 282 739 sequitur.
329 643 373 710 Et
394 659 472 711 sanc
494 659 582 710 nuuc
599 637 733 710 demum
754 639 887 712 ducitur
905 663 1003 714 seusu
1024 645 1154 727 morali,
1178 655 1298 718 utnon

121 767 273 856 exquirat
292 760 372 850 quid
394 761 495 850 prosit
514 766 571 828 aut
594 756 778 838 conducat,
800 759 857 828 scd
876 761 955 850 quid
970 763 1099 851 iustum
1121 765 1166 832 sit
1188 774 1222 834 et
1245 766 1299 834 bo-

123 907 216 957 num.
262 881 364 952 Effert
394 901 429 952 se
451 881 498 950 ito
524 878 620 948 homo
642 896 682 948 ex
714 868 875 966 augustiis
902 881 1021 972 quibus
1049 880 1208 954 hactenus
1237 883 1301 954 luit

122 1023 299 1094 repressus.
331 999 523 1070 Conscendit
545 995 640 1088 quasi
661 1015 790 1076 arcem

127 1161 131 1170 ·
265 1120 353 1192 Unde
371 1119 535 1188 dominum
550 1135 671 1184 moror
690 1113 781 1204 longo
803 1114 926 1205 usqne
938 1139 998 1205 por
1013 1117 1118 1188 otoo

258 1238 447 1328 Respicere,
469 1244 499 1303 el
518 1232 656 1300 humiles
667 1233 767 1322 poscit
781 1243 974 1304 coctmoocrc
995 1257 1098 1304 curus.

124 1362 308 1436 imovero,
330 1353 417 1442 quod
433 1353 614 1421 maximum
635 1357 684 1419 ost
709 1349 870 1422 humanae
888 1352 1096 1442 perfectiouis
1122 1353 1303 1436 iudicium,

125 1475 277 1546 omuibus
296 1471 447 1563 prodesse
463 1467 653 1540 mortalibus
670 1468 797 1550 studet,
821 1472 938 1562 quippe
954 1471 1043 1540 haud
1058 1471 1120 1540 sibi
1136 1493 1172 1542 se
1189 1481 1302 1542 uatum

124 1597 336 1672 existimans,
359 1589 416 1658 scd
439 1589 499 1658 toti
520 1588 633 1678 generi
654 1586 808 1658 humano.

170 1829 341 1900 Hominem
367 1829 413 1898 ita
435 1845 551 1896 sumus
572 1823 783 1914 contemplati
809 1845 867 1914 per
889 1827 996 1896 varim
1018 1833 1141 1897 uctatcs
1167 1827 1209 1896 ud
1232 1849 1302 1918 per·

127 1951 293 2021 tectiorem
311 1947 516 2052 continenter
533 1941 751 2012 conditionem
771 1944 1040 2031 progredientem.
1086 1947 1214 2035 liciam
1232 1967 1303 2036 pro-

127 2069 213 2138 cedit
235 2067 339 2136 cratio
362 2073 494 2143 nostra,
524 2069 562 2132 ut
584 2060 701 2130 similis
723 2060 882 2150 quaedam
914 2060 1050 2131 humani
1079 2066 1302 2154 ingeniipro·

127 2187 271 2278 gressio,
302 2204 385 2252 num
412 2183 447 2250 in
468 2180 635 2250 doctrinae
664 2179 866 2249 Christianae
887 2179 972 2250 icrte
996 2185 1304 2254 commutationibus

127 2313 255 2397 pateat,
285 2303 463 2372 videamus.
510 2299 616 2382 Quum
645 2298 674 2366 si
706 2297 942 2388 disquisitionis
974 2308 1104 2370 nostroe
1134 2303 1304 2372 coolirmct

125 2431 283 2502 werectus,
307 2418 450 2510 prolecto
471 2419 535 2487 crit
557 2415 643 2506 quud
662 2416 872 2505 gaudeamus.
920 2416 1016 2486 Certa
1033 2420 1122 2487 cuim
1144 2421 1194 2488 sic
1208 2420 1304 2488 ,nobis
1375 2397 1380 2410 ’

128 2545 182 2612 via
198 2539 343 2632 patebit,
373 2559 438 2627 qua
461 2535 662 2627 permultas
685 2535 757 2604 illus
776 2536 886 2624 spiuns
905 2537 1090 2626 tricasque,
1113 2539 1233 2628 quinos
1254 2560 1304 2610 re.

128 2662 213 2732 lauta
241 2667 292 2728 est
317 2657 506 2745 dogmatum
533 2654 669 2724 historia
697 2652 978 2738 Christianorum,
1012 2656 1100 2726 haud
1128 2657 1305 2747 injucunde

131 2777 387 2869 progrediamur.
668 2755 671 2761 ⁵

177 2899 246 2985 Age
258 2896 366 2984 igitur
383 2895 422 2962 A.
441 2895 479 2962 Α.
502 2893 610 2962 varias
626 2891 700 2962 illus
716 2891 985 2960 commutationes
1008 2889 1201 2976 lustremus,
1223 2911 1305 2982 quus

131 3016 220 3084 vario
243 3034 320 3082 acro
341 3011 543 3083 Christianae
569 3010 736 3099 religionis
769 3009 921 3098 dogmata
946 3008 1130 3082 subierunt.
1175 3011 1245 3080 Non
1267 3031 1306 3082 cu

131 3134 262 3225 quidem
283 3133 423 3212 ratione,
446 3138 486 3200 ut
509 3135 696 3200 accuratam
716 3128 806 3196 vohis
829 3127 1072 3216 amolutumquc
1096 3127 1307 3200 cxndcamau

129 3255 297 3323 uariarum
319 3250 360 3318 dc
377 3249 534 3340 religione
552 3248 803 3326 sententiosum,
818 3245 1017 3326 haeresium,
1035 3266 1120 3335 quac
1135 3247 1293 3318 dicuutur

131 3371 434 3458 haereticorumque
452 3367 695 3458 expositionem.
742 3365 826 3436 Saue
848 3365 982 3454 longum
1004 3365 1065 3436 hoc
1091 3375 1177 3436 essct
1198 3375 1233 3437 ct
1255 3388 1307 3438 re·

130 3511 203 3562 reor
220 3489 431 3559 vehementer
449 3494 488 3556 ut
509 3495 624 3576 matus
642 3487 690 3556 sic
708 3485 799 3554 robis
813 3484 916 3554 lorom
939 3492 1101 3557 uamator.
1132 3485 1216 3554 Illud
1231 3503 1308 3556 vero

130 3612 316 3702 agendum,
338 3616 376 3676 ut
402 3607 540 3676 summis
565 3605 748 3695 quibusque
776 3604 893 3674 leuiter
914 3602 1096 3692 decerptis,
1118 3602 1307 3690 dogmatum

131 3731 382 3820 praecipuorum
397 3745 557 3813 quaenam
574 3725 712 3813 siugulis
734 3721 935 3813 temporibus
957 3720 1118 3810 pecularis
1140 3719 1240 3792 luerit
1257 3743 1308 3792 ra·

132 3849 179 3916 tio
201 3845 432 3932 intelligamus
479 3843 535 3912 Sic
554 3844 711 3913 nimirum
734 3841 991 3930 uuiuscujusque
1014 3840 1146 3921 aetatis,
1168 3861 1252 3930 queo
1274 3843 1309 3908 in

134 3967 322 4056 dogmatum
345 3961 481 4033 historia
506 3961 717 4043 observatur,
739 3961 891 4050 proprius
917 3957 1018 4028 veluti
1045 3959 1216 4042 character
1238 3979 1309 4026 sese

135 4085 226 4154 nobis
249 4083 461 4174 spectandum
479 4081 655 4171 praebebit.
701 4081 744 4150 lit
764 4101 840 4150 vero
860 4081 908 4148 sic
924 4099 961 4148 eo
980 4079 1195 4157 adducemur,
1219 4085 1256 4144 ut
1269 4077 1309 4146 de

137 4205 258 4294 ingenii
292 4203 427 4272 humani
460 4203 704 4292 progressione,
737 4203 765 4270 si
800 4221 883 4290 quac
917 4201 952 4266 iu
985 4198 1049 4266 illis
1083 4203 1212 4284 pateat,
1247 4199 1310 4268 rite

135 4325 328 4412 judicemus.
408 4319 411 4326 “
