3046 5036
814 319 864 394 28

251 511 469 601 vitiorumque
488 511 662 600 gurgitem.
710 513 795 586 ltine
816 515 930 601 ingens
950 498 1048 590 illud,
1071 510 1121 576 uti
1145 510 1350 600 singulorum
1378 514 1436 583 ho-

248 632 394 711 minum,
418 632 465 699 ita
487 631 679 721 populorum
702 631 898 712 discrimen,
930 629 1016 720 quod
1039 650 1202 698 summam
1229 633 1318 700 omni
1347 641 1437 704 tem·

247 769 326 838 pore
344 750 379 817 in
402 770 455 818 res
473 749 632 818 humanas
655 751 722 819 vim
746 751 860 820 babuit
882 757 916 819 et
934 751 1183 826 auctoritatem;
1206 749 1358 840 quodque
1385 755 1436 822 in·

247 868 357 956 signes
379 869 475 949 istas,
499 869 534 937 in
560 871 713 940 societate
735 891 863 960 quoque
886 869 1091 950 Christiana,
1122 889 1233 938 rerum
1261 871 1432 941 vicissitu-

246 985 340 1054 dines
361 987 496 1075 peperit.
519 1027 566 1042 -
589 990 674 1074 Quid
697 991 821 1079 igiturl
868 989 1067 1058 Historicum
1091 987 1184 1056 illum
1208 1010 1283 1058 vere
1306 998 1341 1060 et
1364 991 1434 1060 dici

246 1105 417 1174 credemus
437 1113 470 1176 et
484 1127 575 1189 esse,
598 1109 656 1197 qui
677 1110 711 1176 in
723 1109 821 1176 rebus
836 1105 1035 1197 explicandis
1051 1106 1222 1189 humanis,
1245 1109 1430 1179 humanam

200 1235 202 1238 ’
245 1225 389 1314 negligat
407 1227 525 1315 agendi
547 1227 724 1310 rationem,
748 1227 897 1296 Divinam
920 1227 1017 1295 unice
1036 1233 1161 1315 spectet
1182 1234 1216 1294 et
1235 1229 1356 1295 curetl
1384 1267 1431 1280 -

242 1343 355 1413 Dicam
379 1346 466 1435 quod
489 1347 601 1414 sentio.
648 1346 833 1435 Numquam
856 1343 1050 1414 immortalis
1073 1344 1127 1412 ille
1149 1346 1326 1414 memoriae
1352 1349 1428 1428 vir,

244 1483 342 1554 quem
368 1465 531 1544 Ecclesia,
553 1463 684 1544 literae,
714 1466 839 1552 patria,
862 1472 974 1532 nostra
997 1463 1148 1552 inprimis
1175 1463 1352 1532 Academia
1377 1466 1426 1534 lu-

243 1591 323 1673 gent
345 1591 378 1652 et
400 1583 605 1663 desiderant,
628 1589 719 1650 tanto
738 1583 898 1652 Historiae
918 1582 1100 1662 doctorem,
1124 1582 1352 1653 Providentiae
1374 1587 1423 1653 lli·

243 1702 339 1770 vinae
373 1701 621 1796 administrum,
655 1701 849 1770 celebrasset
879 1701 1027 1790 eloquio,
1060 1701 1146 1780 nisi,
1179 1721 1277 1790 quem
1312 1712 1424 1772 mente

244 1815 394 1910 fingebat
410 1830 444 1890 et
466 1821 575 1889 animo
600 1821 807 1902 intuebatur,
829 1821 906 1889 talis
920 1819 1043 1888 'luisset
1058 1808 1226 1908 'interpres
1245 1807 1422 1903 historiae,

245 1933 514 2031 qualom'ctsipse
532 1939 675 2008 docendo
692 1959 727 2009 se
743 1927 929 2030 praestitit,
952 1944 1080 2006 etanta
1094 1939 1165 2026 jam
1184 1939 1219 2006 iu
1237 1939 1421 2029 praeclaro:

244 2058 310 2128 ade
331 2059 474 2128 Historia
504 2053 728 2150 pragmatica’'
751 2048 856 2138 libro,
877 2046 1193 2126 aliis-delinearerat
1215 2065 1250 2127 et
1272 2048 1420 2149 spectari·

242 2177 321 2246 dum
337 2174 564 2268 proposuerat.
612 2176 742 2248 Scilicet
765 2180 802 2246 Α.
815 2177 872 2245 ll.l
895 2175 978 2266 quae
1000 2167 1226 2266 unica'patet,
1246 2178 1419 2248 adrerum

242 2304 409 2386 gestarum
436 2298 553 2366 seriem
581 2299 645 2366 rite
675 2295 947 2385 cognoscendam,
965 2285 1044 2375 ria,
1075 2283 1160 2364 haec
1174 2297 1241 2366 sola
1264 2298 1355 2366 ducit
1369 2297 1417 2367 et

241 2413 352 2483 ueram
366 2410 599 2484 ¹Providentiae
619 2409 753 2486 Diuinae
772 2405 1036 2483 observationem.
1053 2427 1068 2436 ”
1084 2407 1321 2502 Pragmaticam
1342 2405 1416 2485 dico

241 2529 429 2616 historiam,
453 2555 535 2625 quae
548 2538 712 2625 germanis
731 2525 842 2604 rerum
862 2541 1031 2622 gestarum·
1050 2529 1270 2603 monumentis
1283 2537 1318 2603 in
1337 2555 1412 2603 usus

241 2671 318 2722 suos
347 2654 521 2744 diligenter
547 2655 721 2724 adhibitis:
749 2694 795 2705 —
816 2663 892 2722 nam
916 2670 999 2742 quae
1025 2641 1068 2720 sit
1096 2651 1231 2721 historia
1260 2653 1405 2731 dicenda,

157 2841 159 2850 .
240 2793 325 2863 quae
354 2769 432 2844 non?
447 2795 486 2844 ex
508 2778 589 2866 ipsis
616 2778 659 2844 sit
687 2763 833 2842 lontibus
861 2763 1004 2840 hausta?¹
1025 2762 1073 2824 έ-
1095 2771 1145 2838 bis
1168 2773 1272 2858 igitur
1294 2771 1407 2840 adhibi·

240 2897 313 2975 t'rs,
326 2896 433 2984 ipsum
456 2895 607 2984 inprimis
627 2895 663 2960 in
685 2891 782 2959 robus
804 2892 957 2960 humanis
987 2898 1137 2980 agentem
1156 2891 1341 2960 considerat
1360 2891 1410 2958 bo

239 3016 383 3090 minem;
406 3035 489 3102 qnae
511 3019 624 3102 gentes
646 3010 1032 3099 observat-gentiumque
1054 3010 1245 3088 discrimem
1269 3011 1414 3100 quaeque

239 3145 280 3204 etr
309 3123 475 3202 annalium
491 3119 672 3222 'jejmitot'e
694 3117 735 3196 ad
758 3129 862 3218 ipsius
884 3116 1050 3200 Historiae,
1070 3129 1320 3217 amplitudinem
1341 3123 1414 3220 'gra-

237 3241 439 3342 vitatemque
456 3259 659 3338 assurgens,
675 3281 678 3294 ·
694 3267 758 3316 nou
793 3269 858 3317 una
879 3237 1069 3320 ¹absoluitur
1099 3259 1209 3315 rerum
1247 3259 1414 3338 gestarum
1499 3225 1500 3238 ἵ

238 3355 466 3448 clamatione
483 3369 539 3437 sed
555 3388 619 3458 quo
640 3369 729 3448 lo'e'o,
753 3357 825 3437 eta
848 3365 966 3458 quibus
977 3405 987 3448 ·,
1011 3355 1052 3436 et¹
1065 3366 1244 3454 quibusda
1262 3371 1414 3450 'caussis

237 3498 271 3559 et
288 3509 385 3578 quem
404 3490 440 3556 in
463 3488 571 3568 linem,
587 3487 710 3576 aliquid
727 3497 855 3576 gestum
877 3487 921 3554 sit
939 3485 1112 3572 diligenter
1130 3477 1364 3556 animadvertit
1381 3498 1415 3558 et

236 3601 378 3696 exponit.
425 3608 511 3676 llaec
531 3591 609 3673 sane
634 3625 673 3674 ea
695 3606 920 3683 sauromata,
943 3602 1013 3671 sine
1039 3603 1170 3691 qulbus,
1193 3625 1324 3676 sommo
1344 3631 1414 3679 mo-

237 3731 334 3793 nente
355 3745 529 3803 rounam,
560 3725 779 3813 pragmaticae
803 3725 858 3792 illo
877 3721 1020 3790 *rationis
1040 3730 1191 3805 auctore,
1218 3711 1236 3787 ἰ
1247 3717 1414 3796 ludicrum

234 3842 458 3934 spectaculum
484 3842 590 3910 eradit
612 3841 748 3911 historia
758 3871 773 3923 ,·
792 3846 826 3910 in
853 3861 1005 3932 praeseus
1028 3840 1160 3928 quidem
1183 3843 1334 3913 adferens
1359 3845 1414 3913 ob·

217 3947 463 4037 laetationem,
487 3960 661 4030 utilitatem
678 3981 754 4030 vero
773 3964 808 4029 ir
830 3967 996 4048 posterum
1018 3957 1184 4028 nullam.’'·
1198 3999 1256 4014 -·
1268 3964 1316 4032 lle
1337 3963 1413 4032 Pro

233 4069 396 4149 videntiae
419 4086 527 4148 nutem
550 4069 684 4150 Divinae
710 4078 931 4148 observatione
957 4075 1035 4162 quid
1051 4065 1242 4165 'quaeritisi
1266 4117 1314 4134 —-
1336 4083 1413 4150 Nul-

234 4197 286 4264 lus
308 4197 387 4265 hnic
398 4209 408 4277 ,
432 4198 553 4290 absque
579 4202 703 4268 ratione
725 4219 801 4267 vere
826 4175 1047 4284 pragmatica,
1068 4215 1141 4264 esse
1161 4203 1268 4284 potest
1288 4201 1323 4272 in
1347 4199 1412 4269 his·

234 4303 316 4386 toria
342 4317 441 4392 locus.
489 4317 581 4400 Quod
608 4305 694 4386 enim
717 4317 778 4386 hac
797 4315 922 4383 ratione
950 4329 1038 4384 earet
1062 4313 1216 4384 historiae
1241 4315 1413 4396 studium,
