3046 5036
94 547 263 624 negantis,
282 553 336 617 me
354 534 668 632 prosequi-abicidt
691 539 811 601 ¹uestrae
836 530 912 600 ibic
936 533 1023 600 onim
1046 531 1261 614 coadunant

89 669 169 744 mihi
186 663 404 749 521⁰an
415 655 557 742 cumdio
577 661 679 742 atque
703 651 851 730 monita,
870 651 997 740 pirae.
1013 671 1147 742 prorsus
1162 649 1263 724 tuuc

90 799 167 879 gepa
185 783 374 861 mosamius
389 809 392 819 ·
406 779 453 850 bt
468 781 673 848 armante.
684 772 728 872 ib
740 769 852 857 magis
872 771 1061 848 indids‘tta
1076 767 1242 863 picum
1251 809 1261 857 ,ι

93 897 696 978 arc-volrmtetlsimmemsttanm
713 889 998 978 nott-'mititub
1110 939 1116 950 ,
1140 889 1172 950 ²13¹
1219 887 1264 949 ‚³..i

133 1025 245 1114 Atqui
256 1017 429 1090 lmcirobis
448 1011 813 1105 inprimis'didtuatltdt
827 1007 1028 1098 ,mopso
1045 1008 1266 1098 uuerde,

91 1145 155 1218 ttrl
174 1135 612 1223 domimimttffnnjomuno
623 1129 935 1198 hnudatmlblnldeila
960 1125 1267 1218 praeclarorum

92 1251 677 1348 oidfflffipuamtslpuobirttadiutm
695 1247 1008 1330 tumultuum
1027 1245 1114 1318 :mthi
1131 1249 1270 1322 sardum

94 1370 719 1452 rimabamtntocoeunoesataomor
739 1367 867 1440 maore?
879 1365 1271 1458 :marmannorum

95 1498 228 1570 mihiel
241 1493 436 1582 mileum
446 1487 585 1578 speriti,
600 1487 733 1578 Irpaidnii
743 1482 1273 1580 spenstauotctooofrobrrnttc

96 1606 798 1700 nimidemandanturhihid'celdaeaitmro,
811 1605 919 1698 'duan
939 1605 1273 1698 {mle-:huscanium

94 1755 197 1806 annos
216 1731 362 1820 Trajehti
369 1723 741 1808 obsonum-crotonem
757 1723 1274 1810 dcadetnlmuitaatratiodo'dtu

96 1875 163 1947 qua
183 1851 316 1921 suavius
336 1855 369 1917 et
387 1846 560 1936 optabilius
572 1846 655 1914 nihil
666 1867 798 1936 possum
810 1850 966 1918 memoria
978 1847 1130 1919 recolere.
1155 1849 1276 1932 Quodsi

99 1980 210 2042 autem
226 1967 392 2036 lelicitatis
413 1966 502 2032 illius
524 1965 626 2033 veluti
645 1973 742 2054 caput
758 1965 876 2050 fuerit,
899 1968 985 2056 quod
1005 1967 1180 2058 praeclaris
1197 1967 1276 2036 adeo

97 2085 363 2182 praeceptoribus
390 2082 581 2170 gauderem:
606 2092 762 2172 quarum
785 2085 868 2152 mihi
888 2085 965 2154 lieet
989 2085 1176 2154 felicitatem
1194 2087 1275 2154 rati·

99 2209 227 2288 cinari,
251 2206 280 2273 si
304 2203 374 2292 jam
397 2221 453 2269 vos
475 2201 558 2268 mihi
580 2209 804 2290 praeceptores
824 2224 1021 2294 proponam,
1052 2203 1093 2273 ad
1115 2223 1196 2292 quos
1218 2195 1287 2293 ego'

98 2325 282 2416 discipulus
304 2323 409 2390 laetus
436 2320 598 2414 accedam.
618 2303 822 2401 ·¹lhd,'¹vos
846 2322 948 2408 igitur
971 2341 1012 2390 ne
1035 2323 1173 2392 eludatis
1196 2323 1279 2392 mihi

99 2467 192 2537 spem
210 2445 330 2513 laetam
349 2439 489 2508 hancce?
519 2439 563 2506 llt
581 2439 659 2508 dum
674 2441 794 2528 pietate
810 2461 866 2508 vos
882 2441 984 2510 colam
1006 2451 1039 2510 et
1058 2442 1277 2525 observantia,

99 2585 221 2656 quaeso
241 2564 289 2630 ita
307 2580 361 2628 me
379 2559 569 2628 sustentetis
582 2558 798 2628 benivolentia
816 2567 945 2641 vestra,
969 2569 1119 2648 utquam
1138 2563 1279 2630 maxime

99 2693 138 2754 et
158 2682 311 2752 mihimet
333 2679 423 2765 ipse,
446 2684 479 2744 et
502 2695 577 2744 vero
600 2697 774 2766 generosae
793 2678 891 2766 hujus
911 2677 1094 2746 academiae
1114 2679 1279 2766 juventuti

100 2801 227 2892 possim
251 2795 420 2886 prodesset

152 2915 253 2988 Vobis
270 2916 378 2995 enim,
409 2935 489 3003 quos
508 2916 578 3004 jam
598 2915 729 2984 tandem
757 2915 913 3006 compello
942 2923 975 2983 et
1004 2914 1126 2996 saluto,
1146 2921 1282 3004 juvenes

103 3035 357 3126 exoptatissimi!
381 3036 574 3123 praesertim
594 3036 655 3122 qui,
671 3035 711 3103 ad
730 3034 1026 3124 praeclarissimum
1040 3033 1212 3122 Euangelii
1227 3054 1283 3102 an·

101 3154 286 3228 nunciandi
319 3172 441 3221 munus
474 3173 531 3220 vos
558 3153 749 3240 accingitis,
780 3153 870 3222 vobis
892 3155 995 3242 igitur
1017 3153 1168 3243 prodesse
1195 3155 1284 3222 omni

102 3273 219 3347 studio
253 3279 287 3340 et
321 3270 436 3340 ardore
470 3270 684 3360 omnibusque
718 3274 841 3342 viribus
872 3274 1019 3341 conabor.
1077 3273 1285 3342 Intellexistis

96 3397 196 3487 Jam,
219 3389 325 3480 qualis
348 3391 391 3457 sit
408 3409 506 3478 qnam
525 3389 678 3478 profiteor
692 3391 874 3482 disciplina.
923 3393 1010 3462 Talis
1029 3394 1186 3461 nimirum
1203 3411 1287 3480 quae

102 3511 151 3584 ad
188 3508 351 3578 Ecclesiae
384 3509 644 3600 llcgmatumque
671 3511 929 3582 Christianorum
952 3515 1015 3582 rite
1046 3509 1287 3601 percipiendam

99 3629 304 3708 historiam,
326 3628 513 3696 universam
533 3632 687 3699 continuo
711 3634 745 3698 in
764 3633 923 3702 auxilium
940 3631 1091 3700 adhibeat
1110 3627 1286 3697 Historiam

101 3748 273 3842 gentium.
318 3745 378 3813 Est
401 3745 525 3813 scilieet
550 3749 722 3837 utriusque
749 3751 968 3818 indissolubile
990 3748 1157 3816 vinculum
1180 3754 1213 3815 et
1239 3767 1289 3815 ve·
1314 3775 1315 3778 ¹

100 3867 174 3940 luti
207 3865 365 3952 cognatio.
413 3865 502 3950 Quae
532 3887 596 3954 quo
619 3866 806 3956 diligentius
829 3891 849 3937 a
871 3869 963 3936 nobis
992 3877 1025 3937 et
1048 3867 1235 3936 attendetur
1257 3874 1290 3934 et

103 3993 145 4059 in
173 3991 303 4052 nostras
330 3982 536 4054 adhibebitur
558 4007 660 4068 usus,
687 4009 725 4055 eo
755 3989 907 4055 continuo
930 3989 1053 4076 majora
1082 3989 1209 4074 capient
1232 4003 1291 4049 nos

103 4101 378 4200 atquetenebunt
386 4103 575 4195 disciplinae
583 4092 713 4177 nostrae
725 4107 968 4177 oblectamenta.
988 4101 1292 4177 lltverounicthao

104 4237 215 4317 atque
238 4224 328 4312 regit
352 4225 404 4294 vid
428 4225 456 4293 si
478 4225 711 4314 procedamus,
743 4249 780 4300 eo
803 4228 1048 4319 perveniemus,
1079 4233 1117 4293 ut
1141 4221 1292 4311 'l'heologi
