3052 5028
776 314 850 393 118

278 503 361 592 Ordo
382 520 499 611 aceepit
521 514 790 588 commentationes
813 511 902 577 duas.
999 503 1003 510 ’

230 645 340 714 Altera
372 642 523 732 insiqnila
549 645 617 706 crat
650 653 741 701 uersu
768 621 987 719 bouquetus.-
1016 627 1186 713 Ἄνθρωποι
1208 627 1242 695 bi
1274 629 1405 712 pulsam

273 761 436 847 νομίζομεν
455 758 569 834 εἰδότες
592 753 697 822 οὐδέν·
720 749 755 818 id
772 759 820 817 est
835 749 988 817 ducimur
1008 747 1155 816 hominos
1169 750 1262 816 vanis
1281 751 1404 840 opinio·

228 861 231 866 ¹
273 885 369 952 nibus
398 901 459 949 nec
489 879 610 946 scimus
638 871 832 962 quidquam
861 883 958 956 quam
987 868 1169 936 sententiam
1196 863 1304 936 reram
1335 891 1407 940 osso

271 1001 394 1069 videtur
424 994 688 1067 commentationis
709 998 817 1058 auctor
842 988 882 1054 de
909 997 1005 1052 sanet
1025 987 1092 1074 ipse
1120 987 1328 1054 coniecturam
1354 994 1403 1077 qe.

272 1123 359 1188 aisse.
405 1117 547 1206 Naucque
572 1115 635 1182 etsi·
657 1113 692 1178 in
723 1109 850 1175 Graecis
875 1099 1078 1192 scriptoribus
1108 1101 1283 1172 leostanus
1309 1115 1341 1172 el
1368 1109 1404 1173 iu

271 1239 403 1308 Platone
425 1247 497 1304 ante
518 1255 624 1304 omnes
645 1230 944 1298 multum-uersutus
966 1233 1033 1300 est,
1059 1223 1118 1289 etsi
1136 1231 1258 1288 tantum
1283 1223 1402 1292 iudicio

270 1360 354 1426 uolat
369 1335 417 1423 'ut
447 1356 529 1424 locos
560 1352 644 1420 male
679 1348 799 1415 babilas
833 1343 987 1432 saqaeitsr
1014 1342 1166 1429 iudaqare
1192 1343 1308 1428 possit,
1344 1347 1405 1411 etsi

270 1449 442 1546 multorum
477 1475 615 1541 locorum
650 1468 752 1557 labem
784 1463 992 1555 probabiliter
1020 1461 1261 1541 demonstrauit,
1296 1472 1402 1532 tamen

271 1599 373 1687 operi,
396 1593 478 1683 quod
506 1591 658 1678 suscepit,
686 1595 752 1653 erat
769 1585 902 1670 impar,
935 1580 1083 1668 qnorum
1108 1598 1169 1645 uon
1190 1579 1252 1646 illa
1276 1581 1403 1650 ualebat

270 1715 391 1804 antiqui
418 1711 569 1780 sermonis
603 1706 713 1774 Graem
743 1702 871 1770 scientia
895 1707 924 1766 el
940 1719 1018 1777 nna,
1040 1706 1075 1764 ut
1105 1697 1140 1762 in
1170 1697 1304 1786 sinqulis
1323 1699 1399 1766 locis

270 1831 485 1910 emendandis,
508 1829 543 1894 id
566 1835 611 1894 est
634 1827 668 1890 in
691 1824 761 1911 ipsa
788 1817 948 1905 scriptoris
967 1837 1064 1882 mann
1086 1817 1276 1904 reponenda,
1292 1836 1396 1884 omues

269 1951 409 2022 ueritatis
433 1967 578 2015 numeros
605 1942 765 2012 absoluere
779 1917 908 2028 passu}
927 1937 1033 2023 itaque
1057 1933 1092 2000 in
1118 1935 1293 2024 eormrptela
1315 1946 1400 2004 certa

267 2073 357 2141 uanis
394 2050 591 2158 opinionibus
622 2061 767 2138 ducitur,
803 2065 833 2124 et
860 2056 996 2122 incertas
1029 2053 1158 2143 proiicit
1184 2052 1401 2133 coniecturas,
1511 2075 1512 2084 ¹

268 2215 330 2260 non
349 2189 534 2286 manifestas
563 2179 791 2254 emendationes
810 2197 850 2244 esc
872 2177 942 2263 ipso
962 2173 1022 2240 lod
1043 2158 1210 2250 sententia,
1240 2191 1301 2238 usn
1323 2173 1401 2238 scri·
1511 2151 1512 2212 ἕ

260 2311 380 2399 ptoris,
405 2305 543 2373 lealionis
566 2301 698 2389 denique
720 2296 865 2386 reliquiis
887 2294 980 2362 elicit.

139 2403 143 2408 Ι
222 2434 391 2499 Praeterea
411 2423 494 2514 quod
518 2419 633 2487 Mureti
660 2413 840 2502 exemplum
862 2413 893 2481 ei
910 2403 1103 2502 propositum
1129 2415 1197 2478 mut
1214 2407 1256 2476 ad
1272 2409 1400 2478 imitan-

268 2551 345 2613 dum
365 2546 411 2610 ita
433 2539 590 2630 ncqlecit,
616 2584 715 2606 .....
740 2541 776 2600 ul
794 2515 916 2600 etiamsi
937 2540 1057 2597 coelem
1078 2527 1236 2595 luculueta
1261 2530 1399 2618 ficissent

266 2666 316 2734 uel
339 2665 398 2732 bac
416 2684 480 2728 una
499 2659 537 2728 de
557 2679 651 2726 eausa
670 2653 760 2743 nulla
781 2653 848 2720 eius
867 2649 947 2716 ratio
967 2647 1077 2716 baberi
1097 2647 1259 2735 potuisset.

224 2789 337 2857 Contra
364 2784 467 2852 altera
499 2777 735 2853 commentario,
765 2771 816 2839 eui
843 2767 1019 2858 symbolum
1046 2775 1134 2834 erat:
1174 2765 1219 2834 us
1248 2765 1313 2832 irrt
1342 2763 1400 2836 der

169 2981 176 2995 ,
267 2900 397 2976 Mensoh
421 2923 457 2970 so
482 2897 572 2984 lang’
592 2915 628 2963 er
651 2892 775 2969 strcbt;
800 2887 910 2956 multis
936 2885 1113 2954 nominibus
1146 2883 1258 2950 Ordiui
1276 2885 1400 2974 placuit

268 3038 297 3094 el
319 3027 405 3092 uisus
427 3029 473 3088 est
488 3025 596 3086 auctor
616 3013 651 3079 id
675 3014 779 3100 ipsum
795 3016 973 3085 assecutas,
997 3005 1126 3094 quadiu
1147 3004 1204 3072 baa
1225 3025 1341 3094 qenere
1360 3009 1400 3076 ab

266 3144 457 3214 adolescente
478 3137 629 3228 optimum
656 3128 831 3217 exspectari
853 3135 883 3193 ol
907 3125 1029 3212 sperari
1052 3133 1186 3211 poterat.
1234 3126 1400 3213 Apparuit

267 3283 338 3329 eum
363 3259 515 3346 optimum
537 3272 690 3342 quemque
715 3249 897 3337 scriptorum
925 3244 1079 3312 &aarum
1109 3243 1165 3309 diu
1191 3264 1228 3310 aa
1259 3244 1398 3312 multum

265 3380 388 3447 trivisse
421 3384 451 3444 et
474 3397 508 3442 oo
527 3371 651 3465 inqenio
678 3377 787 3458 natum
821 3373 948 3432 esseut
978 3363 1060 3451 quod
1090 3371 1168 3430 esset
1197 3363 1232 3426 in
1262 3365 1396 3451 eqreqiis
1511 3387 1512 3396 ¹

264 3497 467 3587 scriptoribus
494 3491 634 3560 manime
656 3487 822 3578 eqrcqium
838 3483 964 3572 penitus
986 3481 1222 3570 persentisceret
1244 3503 1282 3548 aa
1313 3489 1388 3548 totus

268 3620 458 3685 Graecarum
486 3613 681 3681 Litterarum
704 3625 809 3672 amore
838 3601 977 3680 arderet,
1000 3599 1112 3667 deiude
1135 3599 1287 3666 rationem
1311 3608 1338 3666 et
1355 3620 1391 3664 u·

265 3759 336 3803 sum
362 3733 545 3828 &cantatis
571 3703 713 3798 accurate
743 3713 866 3800 tenere,
900 3728 936 3784 ul
957 3717 1039 3806 quod
1061 3725 1140 3786 esset
1166 3717 1396 3797 Ansnosmsn,
1511 3807 1512 3810 Ἴ

265 3841 465 3929 Tanemois,
485 3825 877 3926 murosu‘ttssamamn'
889 3848 926 3918 et
938 3835 1123 3926 aequalibus
1144 3837 1312 3927 inidipsum
1331 3859 1398 3906 een
1511 3837 1512 3868 ¹

264 3975 304 4039 tis
334 3967 458 4060 indiciis
486 3964 774 4064 deprebendcrotet
801 3957 883 4048 qnod
908 3957 951 4024 ab
966 3972 1079 4024 eorum
1095 3947 1192 4023 mauu
1211 3953 1399 4048 properium
1511 3985 1512 3998 κ

265 4099 344 4159 esset
368 4089 505 4182 ,euidenti
531 4084 717 4172 correctione
744 4085 914 4169 reponeret.
961 4073 1121 4164 Apparuit
1153 4093 1226 4145 eum
1259 4077 1396 4146 dronni-

263 4219 364 4300 speoto
387 4208 505 4277 indicio
537 4224 573 4273 ea
600 4201 753 4270 delibasse
779 4219 864 4288 quoe
884 4203 969 4264 certa
997 4195 1172 4263 mdoreuler
1195 4205 1226 4263 et
1258 4197 1397 4264 conuelli

262 4351 323 4398 nou
342 4351 457 4417 passe:
485 4328 656 4416 inquere
683 4336 871 4411 quamquam
898 4305 970 4383 eum
992 4304 1122 4382 subinde
1146 4315 1229 4382 ratio
1254 4307 1340 4404 sopit
1365 4325 1396 4384 et
