3052 5028
802 339 851 411 be

234 535 513 612 denominatione,
537 531 730 621 liesca-motio
757 527 891 600 dieitur.

278 772 462 842 Perfecitnc
483 779 593 846 eutem
616 771 798 848 bernerus,
821 765 907 856 qnod
933 769 1111 856 expetitum
1131 767 1211 849 diu,
1235 773 1307 861 ipse
1326 781 1431 858 omni

233 894 336 962 animi
358 893 411 958 sui
432 891 565 959 molitus
586 898 636 960 est
659 886 860 1004 agitatione?
891 885 1142 956 Perieceruntne
1169 893 1271 958 ceteri
1296 895 1429 985 Before

231 1021 387 1092 meteres,
410 1009 547 1097 quibus,
571 1007 612 1075 ad
639 1027 742 1074 unum
765 1005 937 1086 omnibns,
966 1005 1052 1074 idem
1076 1013 1228 1075 sanetum
1252 1009 1428 1082 validissi,

231 1147 390 1218 mumque
404 1127 521 1216 agendi
536 1128 734 1216 principium
752 1125 845 1193 erati
866 1123 999 1193 Nostros
1018 1125 1191 1213 imprimis,
1211 1127 1427 1214 Zwmenrmr,

230 1259 265 1320 et
295 1251 451 1318 Gnnvmuu
481 1246 574 1326 dico,
605 1245 727 1320 illudne
749 1244 921 1334 perfecisse
947 1244 1172 1324 censebimus,
1202 1248 1325 1338 quippe
1360 1255 1426 1340 qui

232 1371 320 1438 illius
343 1371 497 1444 exstitere
519 1364 702 1433 conditores
723 1363 904 1444 Ecclesiae,
928 1381 1011 1451 quae
1026 1361 1098 1430 ideo
1117 1362 1322 1452 deformatae
1342 1373 1427 1438 κατ’

230 1491 346 1573 dinzio
368 1489 499 1556 videtur
521 1503 637 1552 nomen
664 1485 800 1563 sortita,
823 1481 976 1570 quoniam
999 1482 1118 1548 mentis
1146 1501 1185 1548 ac
1212 1483 1301 1551 vitae
1322 1506 1425 1575 rege-

231 1609 453 1687 nerationem,
476 1623 703 1691 summamque
725 1619 854 1669 morum
875 1600 1064 1689 disciplinae
1086 1601 1311 1682 severitatem,
1337 1625 1425 1692 prae

231 1727 351 1794 ceteris
376 1745 476 1792 curae
502 1723 656 1810 cordique
678 1719 836 1800 haberet?
859 1757 905 1779 ψ-
927 1719 1040 1786 binam
1067 1719 1152 1806 quod
1179 1722 1296 1788 sentio.
1345 1723 1418 1805 Quo

231 1844 342 1912 studio
364 1843 564 1910 immortales
587 1843 644 1908 isti
666 1840 729 1906 viri
751 1837 939 1918 fervebant,
961 1837 1072 1905 eodem
1097 1857 1172 1903 mox
1194 1839 1242 1905 ita
1262 1841 1420 1910 incendes

231 1965 312 2031 runt
341 1963 547 2042 innumeros,
582 1968 620 2028 ut
647 1958 904 2047 Christianorum
934 1957 1107 2024 instaurati
1142 1975 1250 2024 mores
1284 1959 1423 2031 fructus

231 2082 422 2150 viderentur
448 2081 663 2168 praecipuus,
695 2096 791 2164 quem
822 2075 913 2143 haec
928 2076 977 2141 rei
1000 2074 1202 2146 Christianae
1225 2078 1422 2150 immutatio

231 2203 343 2270 ferret.
388 2199 608 2286 Profligantur
627 2194 812 2262 foedissima
830 2187 994 2260 Ecclesiae
1009 2193 1100 2258 vitia.
1145 2195 1326 2266 Reviviscit
1345 2222 1421 2270 sens

231 2341 289 2388 sus
311 2318 465 2397 moralis,
499 2335 612 2385 sensus
645 2313 833 2399 religionis,
863 2312 948 2378 vitae
974 2331 1049 2394 vere
1076 2312 1278 2406 Christianae
1311 2337 1421 2390 amor..
1519 2339 1520 2374 1

230 2439 306 2526 ipsa
330 2437 408 2504 adeo
428 2437 562 2522 antiqua
588 2431 733 2500 Ecclesia
756 2428 931 2496 salutarem
955 2428 1053 2516 hujus
1072 2431 1120 2496 rei
1141 2431 1209 2500 vim
1233 2440 1421 2524 experitur.

231 2557 384 2643 Quaeque
414 2554 531 2621 horum
561 2553 708 2620 omnium
743 2569 863 2616 caussa
881 2556 914 2617 et
942 2546 1087 2615 ellectrix
1115 2558 1201 2630 erat,
1235 2552 1421 2627 Sacrorum

234 2673 434 2753 emendatio,
454 2673 530 2761 jure
551 2673 682 2739 omnino
697 2669 941 2758 Reformato'ouis
964 2687 999 2736 se
1017 2673 1050 2736 et
1069 2667 1231 2738 Ecclesiae
1247 2672 1421 2762 Rosos-mu,

233 2803 283 2861 tae
305 2793 436 2860 nomine
455 2791 548 2859 dixit

278 2911 333 2979 Uti
352 2932 429 2979 vero
451 2929 570 2978 nomen
592 2907 673 2974 illud
688 2927 765 2974 mox
784 2907 847 2975 alia
869 2907 949 2974 bene
965 2906 1086 2986 multa,
1109 2908 1306 2976 exteriorem
1324 2931 1418 2982 mere
1518 2923 1519 2976 l

231 3029 395 3098 Ecclesiae
429 3028 715 3097 commutationem
751 3005 955 3114 spectantia,
990 3025 1174 3112 significare
1205 3028 1331 3114 coepit,
1363 3030 1418 3098 ita

230 3147 371 3227 lactum,
393 3147 490 3226 elren,
514 3155 553 3213 ut
572 3145 710 3233 pristina
729 3165 768 3213 ac
786 3146 960 3233 praecipua
975 3145 1063 3210 vocis
1081 3145 1132 3210 vis
1151 3143 1305 3212 oblivioni
1322 3145 1421 3230 data,

231 3266 348 3334 saltem
378 3263 465 3352 apud
500 3263 777 3351 quamplurimos,
811 3264 937 3344 luerit;
980 3261 1225 3350 deformationis
1267 3263 1422 3336 adseclas

232 3384 374 3472 quippe,
400 3383 597 3472 Reformatos
628 3381 706 3449 adeo
736 3403 806 3451 sese
828 3383 992 3460 dicentes,
1027 3380 1177 3467 quamvis
1206 3382 1423 3469 Ecclesiam,

229 3522 294 3570 non
317 3508 433 3588 se'aut
456 3520 548 3568 suam
568 3503 688 3581 vitam,
711 3501 805 3590 plane
824 3499 1029 3567 emendatam
1050 3505 1216 3586 cuperent.

273 3619 339 3688 Sed
358 3619 448 3702 aliud
470 3620 602 3706 gravius
622 3619 721 3686 etiam
740 3619 862 3686 malum
886 3618 1031 3684 accessit.
1079 3617 1161 3684 Nam
1183 3627 1276 3686 aetas
1296 3621 1423 3707 rediit,

229 3738 358 3828 qualem
370 3739 516 3806 Ecclesia
528 3738 597 3824 jam
611 3738 740 3824 saepius
757 3744 833 3804 ante
845 3737 984 3818 viderat,
1003 3756 1067 3824 qua
1080 3736 1258 3805 orthodoxa
1283 3743 1422 3814 ratione

227 3856 350 3925 sentire
369 3854 472 3941 pluris
492 3855 583 3923 lieret
603 3875 701 3944 quam
724 3855 900 3943 prudenter
917 3856 967 3923 vel
992 3831 1043 3944 pie
1065 3875 1178 3942 agere;
1202 3877 1268 3944 qua
1288 3861 1424 3932 malum

229 3973 427 4053 habebatur,
447 3974 630 4042 seeundum
653 3994 759 4042 meres
775 3976 860 4042 vitae
880 3995 1012 4054 errare,
1034 3975 1127 4062 pejus
1145 3995 1223 4042 vero
1240 3976 1282 4044 ab
1303 3979 1423 4050 Eccle-

227 4095 277 4162 sia
299 4092 489 4168 dissentire;
512 4112 576 4180 qua
596 4093 768 4181 Tbeologia
792 4093 994 4173 Christiana,
1015 4101 1196 4181 expurgata
1220 4094 1319 4178 licet,
1344 4095 1423 4170 nul·.

225 4212 266 4290 lis
300 4232 364 4278 non
388 4211 615 4300 quaestionum
641 4213 734 4279 tricis
757 4220 791 4279 et
812 4211 906 4278 nodis
931 4211 1073 4280 involuta
1096 4233 1214 4298 rursus
1238 4225 1271 4282 et
1296 4217 1420 4290 obscu÷

224 4338 296 4406 rata
316 4330 570 4418 Proteslantium
585 4333 709 4416 animos
726 4333 772 4400 ita
789 4331 933 4412 tenebat,
957 4339 993 4400 ut
1017 4351 1146 4414 omnem
1166 4333 1336 4406 Ecclesiae
1357 4339 1418 4410 ho.
