3062 5022
791 345 841 418 90

231 560 288 610 seu
308 537 371 608 ulio
391 537 520 606 nornine
543 536 743 613 dieas,.eam
767 558 843 606 vero
864 539 966 607 simul
991 511 1044 606 ito
1059 541 1199 630 maxime
1226 547 1406 630 practicam

229 665 315 738 esse,
353 669 389 726 ut
421 657 581 736 bominis,
616 658 650 722 iu
684 656 871 726 theoreticis
902 659 951 730 vel
983 675 1099 748 parum
1134 660 1326 743 exercitati,
1355 667 1408 734 vsit

229 778 343 852 auibus
369 775 610 866 aooommodata
633 775 794 867 salutique
822 781 994 860 inserviat,
1026 797 1120 848 nemo
1155 779 1248 849 tacite
1287 787 1408 876 poterit

229 901 265 970 in
281 897 416 968 dubium
433 916 564 976 rosera,
588 897 652 963 nisi
669 899 726 985 tpui
752 907 811 966 aut
829 899 994 968 Christum
1016 899 1221 987 'theologiam
1242 899 1408 982 docuisse,

229 1025 374 1088 adtente
389 1018 433 1084 sit
452 1015 632 1105 Theologus
649 1019 788 1107 quisque
804 1037 903 1106 quum
922 1037 998 1088 vere
1013 1019 1235 1099 tlbristianus,
1255 1035 1409 1109 perverse

230 1137 412 1230 muteudat.
436 1169 485 1188 -
507 1137 616 1220 Quare
645 1137 682 1204 t.
703 1137 755 1203 at
779 1141 943 1224 quamvis,
968 1137 1169 1226 Religionem
1188 1137 1408 1209 Christianam

231 1256 488 1346 oontemplatiris
508 1263 767 1344 snpamtruatam
779 1257 971 1347 ,notionibus
986 1257 1172 1347 harumque
1185 1257 1263 1328 adeo
1273 1259 1407 1351 :amrin

230 1396 300 1452 nem
322 1385 357 1446 et
379 1375 599 1464 dogmaticam
631 1375 877 1464 explicationem
908 1377 1049 1446 menime
1076 1379 1293 1446 neeessariam
1313 1396 1406 1462 esse,

230 1495 492 1570 denotaremur:
518 1497 620 1584 ipsam
639 1495 773 1564 llivinae
796 1495 972 1582 Religionis
995 1493 1135 1564 indolem
1158 1496 1231 1564 ideo
1253 1513 1406 1580 omnem,

227 1617 400 1705 papatiam
418 1616 576 1694 dicimus,
599 1616 752 1703 quoniam
773 1615 806 1680 in
819 1614 889 1701 ipsa
911 1614 1041 1702 quidem
1061 1614 1178 1683 llirina
1198 1615 1406 1686 Institutione
1516 1669 1517 1672 ,

231 1735 360 1823 singula
379 1735 557 1804 theoretica
580 1733 636 1803 illa
657 1734 815 1802 haetenus
837 1733 1000 1821 proposita
1019 1740 1148 1800 tantum
1175 1742 1209 1800 at
1230 1734 1330 1804 veluti
1349 1735 1400 1804 de·

230 1851 330 1946 libato
349 1863 545 1934 omumunt,
569 1863 729 1943 quatenus
750 1853 873 1920 laeiant
892 1851 932 1919 ad
956 1854 1102 1920 animum
1126 1854 1337 1940 erigendum,
1358 1887 1406 1907 «-

232 1979 394 2061 quatenus
410 1975 474 2063 ipsi
493 1974 578 2041 vitae
590 1970 819 2041 instaurandae
838 1971 1017 2040 inserviant
1037 1973 1103 2040 ileo
1119 1972 1311 2061 christoque
1322 1973 1408 2041 dioe-

233 2099 305 2170 tae,
322 2129 365 2146 -·-
379 2109 482 2179 eoque
500 2092 629 2160 valeam
647 2091 758 2172 uniea,
782 2101 819 2160 ut
838 2091 933 2159 homo
952 2109 1120 2180 genusque
1147 2091 1318 2160 hominnm
1336 2093 1427 2188 uni-¹
1517 2143 1518 2150 κ

230 2232 381 2291 nusum,
404 2213 591 2280 vitiositatis
612 2219 761 2301 ereptum
780 2212 937 2300 imperio,
961 2211 1002 2279 ad
1023 2212 1177 2280 moralem
1195 2211 1247 2277 sui
1267 2209 1409 2300 expliea-

231 2333 375 2410 tionem,
408 2330 449 2399 ad
467 2331 715 2400 similitudinem
738 2333 818 2411 liei,
848 2330 889 2398 ad
913 2331 1100 2399 beatitatem
1115 2330 1280 2430 'adsurgat
1310 2335 1411 2418 atque

232 2449 395 2538 proceda.
418 2485 464 2501 -·
487 2451 554 2520 lloo
576 2452 679 2539 igitur
701 2450 944 2538 significamus,
968 2447 1024 2517 ubi
1048 2453 1151 2540 ipsam
1175 2449 1303 2517 divinae
1324 2447 1411 2517 lleli·

233 2571 337 2659 gionis
350 2568 504 2648 indolem,
524 2568 674 2659 quodque
686 2571 748 2658 ipsi
766 2569 863 2637 abeo
875 2577 925 2636 est
943 2569 1131 2658 impositum
1148 2585 1287 2646 munus,
1306 2570 1411 2636 emni-

234 2709 275 2758 ne
306 2691 449 2777 praetiea
476 2697 510 2757 et
532 2689 666 2757 moralia
686 2689 836 2757 dicimus.
869 2683 960 2770 Quod
985 2705 1086 2776 quem
1115 2703 1230 2757 verum
1253 2681 1312 2767 slt.
1343 2689 1411 2758 imo

234 2810 454 2889 sebsidium,
479 2829 566 2876 noae
591 2810 703 2896 paucis
719 2809 814 2895 Juvat
833 2807 867 2872 in
888 2807 1077 2875 memoriam
1098 2823 1258 2875 reuocare.

668 3049 670 3054 '
716 3041 921 3074 ππ

267 3229 323 3326 ’,Εἰ
342 3258 453 3324 statim
477 3255 608 3349 quidem
633 3255 674 3324 ad
698 3255 914 3344 antiquiorem
942 3254 1031 3322 illam
1058 3255 1117 3324 Dei
1142 3255 1414 3344 patefactionem,

236 3375 330 3471 eujus
353 3369 390 3440 v;
416 3375 452 3442 Τ.
484 3373 562 3442 libri
587 3375 678 3444 nobis
712 3374 882 3442 historiam
906 3380 1054 3452 servant,
1087 3367 1261 3461 provooare
1288 3374 1414 3447 libebit·

236 3495 341 3585 liujus
367 3493 455 3562 enim
479 3503 726 3582 argumentum,
759 3491 948 3570 eonsilium,
977 3492 1060 3557 ratio
1085 3493 1211 3572 omnis,
1241 3494 1322 3581 quin
1353 3514 1416 3564 sua

237 3590 343 3706 indole
368 3634 458 3684 ruere
471 3615 624 3704 praetiaa
647 3615 730 3694 sint,
753 3612 865 3700 eequis
888 3609 1102 3691 dubitauerit,
1131 3612 1194 3678 nisi
1218 3613 1274 3700 gui
1298 3616 1417 3698 batpa-

236 3734 410 3802 aaaaatlasaa
437 3733 545 3814 illam,
573 3733 614 3802 ad
638 3753 755 3824 quam,
777 3750 859 3820 quae
881 3740 934 3797 res
961 3728 1086 3798 diuinas
1110 3738 1275 3817 speotant,
1302 3735 1417 3810 omnm

237 3863 270 3924 et
296 3854 424 3942 singula
446 3852 500 3922 bio
529 3861 606 3922 suut
623 3851 808 3942 proposita,
843 3848 1004 3939 negliget,
1027 3869 1132 3938 neque
1159 3869 1242 3937 quae
1263 3872 1284 3920 a
1306 3850 1417 3923 bonte

238 3969 280 4042 ad
297 3972 418 4042 calcem
432 3972 486 4040 lrie
501 3993 603 4062 usque
621 3978 815 4074 reourrunt,
828 3990 875 4062 ‚en
892 3989 962 4038 esse
983 3967 1143 4038 destinata
1166 3969 1292 4052 videat,
1317 3979 1355 4042 ut
1376 3973 1416 4042 in

239 4092 347 4161 oeulos
367 4093 514 4161 ineurrat
533 4091 702 4180 turpitudo
719 4081 797 4158 m'ali
819 4087 966 4166 moralis,
985 4094 1023 4153 ut
1043 4086 1141 4175 hujus
1159 4089 1246 4156 inter
1264 4089 1414 4160 homines

239 4211 409 4298 frangatur
442 4209 682 4298 debellatorque
707 4207 901 4296 imperium,
923 4225 1017 4274 verae
1050 4227 1125 4275 vero
1147 4208 1277 4296 Ileoque
1300 4217 1414 4297 gratae

238 4331 370 4397 virtutis
401 4328 546 4398 studium
570 4334 694 4396 arescat
726 4323 976 4416 et'stabilietur.
1000 4365 1045 4380 -
1069 4326 1295 4398 Tbeoretioum
1324 4328 1414 4398 dieas
