3046 5036
790 321 815 394 8

226 547 228 552 ,
258 517 309 586 lix
333 531 401 604 'quo
424 522 568 602 tempore
593 511 758 600 religionis
780 485 903 582 Auctor
927 511 1147 590 Christianae,
1170 512 1290 599 quique
1313 531 1391 580 cum

214 635 320 704 secuti
338 642 416 702 sunt
435 613 596 722 Apostoli,
620 632 741 700 hancce
757 632 946 720 religionem
965 631 1150 699 hominibus
1169 628 1391 708 tradiderunt,
1512 625 1513 718 ζ

179 828 182 832 ,
215 753 422 842 dogmatibus
439 751 557 841 quihus
577 750 759 830 constabat,
782 751 961 820 verissimis
981 751 1045 818 illis
1063 771 1102 818 ac
1120 747 1390 846 simplicissimis,

215 873 267 942 vel
293 873 390 943 aliam
413 869 550 940 subinde
578 859 717 938 formam
747 869 907 938 dederunt
939 864 1144 948 Christiani,
1165 867 1217 936 rel
1247 867 1311 934 alia
1333 866 1390 934 ad,

210 993 402 1080 junxerunt.
448 992 491 1059 llt
513 991 657 1079 primum
679 989 811 1077 quidem
834 989 908 1056 illae
930 987 1023 1062 nobis
1045 986 1246 1054 Christianae
1270 985 1390 1054 doctri.

212 1085 275 1192 nae
300 1110 572 1178 commutationes
599 1107 815 1190 observandae
849 1114 1049 1186 occurrunt,
1072 1125 1153 1193 quas
1174 1125 1271 1183 mcx,
1303 1111 1391 1194 post-

212 1249 311 1318 quam
331 1230 417 1296 inter
439 1227 586 1295 homines
609 1226 730 1306 Christi
752 1225 866 1314 religio
888 1226 1026 1316 prodiit,
1050 1226 1084 1292 in
1107 1223 1186 1312 ipsis
1205 1223 1269 1294 illis
1288 1223 1391 1292 subiit

212 1348 342 1427 terris,
363 1347 400 1412 in
425 1347 544 1434 quihus
578 1346 722 1434 primum
752 1352 823 1412 orta
857 1345 921 1413 fuit
950 1345 1106 1412 divinitus
1138 1351 1172 1410 et
1201 1348 1389 1430 propagata.

211 1467 419 1536 llxstitcrunt
445 1466 603 1532 nimirum
636 1465 671 1532 in
700 1463 911 1531 orientalibus
938 1464 1098 1532 tractibus
1131 1461 1393 1532 Christianorum

211 1593 320 1667 sectae
352 1583 640 1675 quamplurimae,
675 1583 862 1650 auctoribus
893 1583 1025 1656 Simone
1057 1584 1173 1671 Mago,
1204 1579 1390 1659 Cerintho,

213 1703 411 1782 Saturnino,
434 1681 594 1780 basilide,
620 1700 716 1781 aliis,
740 1719 823 1788 quae
846 1722 978 1783 omnes,
1002 1722 1078 1769 com
1101 1701 1142 1770 ad
1164 1721 1224 1770 sua
1246 1700 1390 1768 maxime

214 1821 324 1890 studia
339 1820 541 1888 Christianae
556 1818 721 1898 doctrinae
735 1829 963 1909 componerent
980 1821 1115 1909 placita,
1135 1821 1264 1908 ingenio
1283 1816 1390 1886 indul-

212 1947 346 2036 gentes,
369 1937 468 2026 hujus
486 1938 521 2003 in
543 1936 732 2024 dogmatum
755 1939 891 2008 historia
918 1957 1069 2028 expressa
1091 1937 1294 2026 reliquerunt
1318 1959 1390 2007 res

210 2060 302 2147 ligia.
348 2058 448 2145 Atqui
476 2057 556 2124 haec
582 2057 661 2125 talia
691 2066 789 2139 sunt,
820 2065 879 2138 ut,
908 2055 989 2126 licet
1011 2031 1215 2146 singularum
1242 2057 1391 2144 singulas

210 2179 377 2267 inquirere
400 2176 578 2244 sententias
600 2175 828 2244 difficillimum
852 2178 916 2257 sit,
940 2179 1086 2245 omnium
1109 2184 1218 2244 minen
1244 2196 1388 2247 commu,

211 2298 264 2364 nis
285 2296 387 2364 veluti
412 2295 499 2361 color
524 2303 557 2362 et
579 2295 709 2362 habitus
728 2315 748 2374 a
770 2297 855 2364 mira
874 2296 1013 2384 quadam
1037 2295 1177 2364 docatm
1199 2295 1387 2383 phantasiae
1515 2323 1516 2346 ¹

210 2416 256 2482 vi.
303 2412 377 2479 Sive
398 2412 487 2478 enim
508 2413 668 2480 Asiaticos
691 2413 762 2480 illos
786 2413 1012 2490 Gnosticorum
1038 2421 1164 2504 spectes
1183 2413 1384 2494 decessores,

211 2535 278 2602 siue
300 2529 593 2614 Alexandrinorum
617 2531 842 2600 Gnosticorum
865 2532 1005 2600 familias
1034 2533 1162 2614 ramas,
1194 2531 1262 2600 sive
1286 2531 1385 2616 Mani.-
1516 2609 1517 2614 ,

210 2653 328 2721 chaeos
350 2651 445 2737 longe
471 2649 599 2736 lateque
621 2647 770 2718 diffusos:
795 2651 913 2739 ecquid
935 2653 1024 2719 omni
1047 2652 1154 2720 studio
1183 2658 1216 2718 et
1235 2651 1383 2719 meditari

211 2781 244 2842 et
267 2772 385 2840 animis
411 2769 511 2838 veluti
534 2769 655 2835 intueri
685 2770 756 2838 illos
780 2747 954 2840 observas?
1001 2771 1085 2839 Illud
1115 2771 1277 2850 manime,
1300 2768 1384 2858 quod

210 2892 253 2959 ad
271 2891 426 2960 ¹diuinam
449 2895 619 2967 naturam,
642 2889 684 2955 ad
709 2889 858 2956 coelestia
882 2891 1045 2978 quaevis,
1061 2890 1106 2957 'ad
1129 2909 1182 2956 res
1201 2893 1277 2956 ante
1299 2888 1387 2956 hunc

208 3011 322 3078 orbem
346 3007 511 3077 conditum
542 3015 678 3092 gestas,
694 3007 735 3076 ad
755 3007 870 3076 mundi
892 3009 991 3096 hujus
1014 3009 1138 3098 primas
1160 3008 1322 3095 arigium,
1339 3006 1386 3076 ad

210 3131 380 3198 hominum
410 3134 443 3192 et
466 3125 650 3192 animarum
678 3135 809 3207 ortum,
832 3128 873 3195 ad
892 3129 970 3195 mali
997 3147 1164 3205 caussam,
1195 3124 1236 3193 ad
1257 3125 1393 3214 negotia·

210 3249 343 3316 omnino
371 3244 412 3312 ah
441 3240 579 3310 homine
605 3246 844 3328 remotissima,
872 3245 1042 3336 pertineat.
1101 3243 1185 3326 Quid
1208 3265 1386 3332 memorem

209 3365 370 3432 infinitam
390 3362 478 3430 illam
502 3363 676 3450 spirituum
700 3365 770 3431 sive
790 3365 936 3432 Aeonum
959 3364 1097 3444 scriem,
1122 3375 1201 3451 quos
1224 3365 1259 3430 in
1278 3363 1385 3430 Plcrc÷

208 3491 296 3553 mate
317 3481 517 3550 collocabant
540 3489 707 3569 tamquam
734 3483 809 3550 sede
840 3485 1029 3571 praecipua,
1060 3482 1117 3550 scd
1148 3481 1386 3551 distribuebant

208 3623 267 3692 per
297 3602 425 3680 sidera,
448 3619 506 3687 per
532 3607 633 3666 totam
657 3619 767 3668 rerum
791 3610 960 3682 naturam,
984 3622 1042 3690 per
1069 3604 1277 3680 innumeros,
1302 3620 1386 3688 quos

208 3720 434 3799 somniabant,
468 3718 596 3798 coelest
644 3719 712 3806 lpsi,
735 3719 814 3788 adeo
840 3728 1004 3788 sectarum
1035 3705 1218 3788 conditores
1249 3729 1284 3787 se'
1313 3739 1386 3788 esse

207 3831 333 3914 aeones,
355 3835 612 3916 contendebant,
635 3838 745 3905 divina
766 3840 926 3927 sapientia
953 3840 1115 3928 praeditos
1138 3847 1171 3907 et
1190 3838 1326 3907 coelitus
1348 3839 1385 3906 in

206 3951 291 4038 hanc
322 3960 444 4019 terram
473 3954 651 4036 demissos,
681 3966 717 4038 ut
748 3958 899 4026 coelestia
926 3958 1079 4026 docerent
1106 3958 1266 4030 homines,
1312 3959 1383 4026 lmo

205 4089 282 4138 vero
306 4070 475 4159 phantasia
501 4073 577 4142 elati
600 4095 637 4142 eo
660 4085 886 4164 processerunt
908 4077 1084 4157 audaciae,
1115 4086 1152 4146 ut
1179 4077 1381 4148 discederent

204 4188 299 4276 plane
322 4210 341 4257 a
364 4188 529 4272 doctrinae
559 4193 759 4279 Christianae
789 4197 985 4285 praeceptis,
1017 4205 1050 4266 et
1080 4217 1195 4264 novam
1226 4195 1379 4266 inducere

204 4306 393 4396 religionem
414 4312 610 4396 viderentur.
660 4314 750 4416 Quod
766 4335 840 4384 cum
857 4315 912 4382 alii
929 4323 1118 4397 tentarunt,
1142 4325 1212 4384 tum
1232 4317 1379 4402 omnium
