3046 5036
686 353 730 426 lt

124 547 260 624 clasiae,
285 550 536 632 praevocatur,
561 540 764 632 disciplinam
788 540 1030 630 disquisitiones
1053 553 1086 612 et
1114 553 1294 616 controver·

124 667 192 734 siae
214 661 402 732 reserantur
423 669 782 740 ceramussense,
805 681 901 748 qnam
921 663 1129 733 vindicarunt
1145 668 1295 734 certatim

122 784 289 874 principes
315 781 348 848 in
371 779 536 852 occidente
565 781 643 861 viri,
668 779 907 861 Tertullianus,
930 781 1132 873 Cyprianus,
1162 784 1296 852 Ambro-

125 903 205 982 sius,
228 901 439 990 Augustinus.
464 899 519 970 Sic
530 900 571 970 ad
584 901 671 970 vitae
689 917 787 968 usum
799 899 868 987 iam
885 902 989 988 magis
1006 905 1212 994 componitur
1222 904 1295 972 reli·

125 1021 395 1110 gionisdoetrine.
416 1018 470 1088 Sic
482 1017 677 1089 theoreticae
689 1018 885 1088 Graecorum
896 1020 1297 1110 rationipractioasuoce·

122 1140 174 1210 dit
185 1139 278 1219 ratio,
302 1145 340 1208 at
352 1138 416 1228 ista
428 1124 624 1224 indagentur
635 1136 852 1224 potissimum,
872 1156 955 1226 quac
971 1138 1013 1206 ad
1034 1139 1197 1210 homiuem
1214 1141 1298 1232 ejus·

116 1279 189 1348 que
204 1257 443 1334 conditionem,
464 1271 538 1324 cam
558 1255 735 1342 privatam,
757 1263 830 1324 tum
852 1255 1036 1344 publicam,
1058 1259 1231 1346 pertinent.

171 1377 259 1446 ilaec
274 1381 385 1442 autem
402 1373 430 1440 si
444 1370 702 1454 consideramus,
718 1375 756 1442 Α.
773 1375 811 1443 Α.
831 1385 881 1443 est
896 1375 1039 1464 prolecto
1054 1375 1140 1464 quod
1153 1375 1300 1466 bumanii

129 1493 252 1582 ingenii
270 1492 305 1560 in
324 1489 512 1578 dogmatum
529 1488 664 1558 historia
682 1493 940 1580 progressionem
962 1514 1188 1584 agnoscam.
1220 1495 1301 1564 Nam

128 1615 158 1682 si
177 1611 373 1682 luxuriantis
391 1607 579 1696 phantasiae
602 1607 747 1678 fictiones
781 1612 1037 1704 sophisticasque
1060 1613 1303 1702 disquisitiones

126 1732 328 1822 pragmatica
337 1728 406 1817 jam
421 1728 583 1816 exceperit
598 1726 764 1800 doctrinae
778 1732 967 1802 tractandae
980 1735 1074 1814 ratio,
1089 1732 1168 1823 quid
1183 1751 1303 1821 quaeso

129 1850 216 1920 illius
232 1850 267 1916 in
282 1846 398 1916 melias
421 1854 640 1916 commutatae
661 1847 855 1920 conditionis
876 1851 1075 1922 luculentius
1098 1873 1168 1922 esse
1190 1851 1303 1922 iudici·

129 1985 187 2038 um
210 1975 244 2036 et
262 1966 488 2034 testimonium
504 1966 634 2054 potest?

175 2085 222 2155 Ne
240 2102 315 2153 aero
329 2075 453 2173 putetis
472 2084 506 2152 in
525 2082 692 2154 doctrinae
709 2085 911 2156 Christianae
928 2088 1147 2178 exploratione
1163 2107 1305 2176 usuque,

130 2219 195 2297 quo
217 2201 472 2296 mereniendum
494 2207 596 2281 esset,
618 2201 799 2272 humanum
818 2208 892 2293 jam.
912 2206 1079 2293 ingenium
1101 2207 1303 2294 processisse

132 2327 312 2396 careamus
335 2335 376 2390 ne
398 2318 438 2388 de
456 2318 590 2392 hadrae
608 2320 772 2392 Ecclesiae
789 2325 953 2414 proposito
969 2333 1037 2394 mm
1057 2323 1229 2414 magnifice
1248 2343 1303 2394 ex·

131 2443 325 2512 istimemus.
372 2435 531 2507 Conatum
555 2439 741 2521 cernimus,
763 2448 802 2509 ut
820 2441 863 2510 ad
884 2443 985 2510 vitam
1008 2441 1177 2512 bominum
1197 2462 1304 2512 emen·

130 2561 271 2633 dandm
290 2555 589 2628 accommodaretur
606 2556 727 2628 Christi
750 2559 940 2652 discipliua;
962 2559 1019 2630 sed
1040 2560 1194 2630 leviorem
1212 2561 1305 2632 illum

133 2677 404 2772 deprehendimus
425 2684 463 2745 et
485 2675 589 2746 terme
609 2677 753 2746 irritum.
797 2679 841 2748 Et
865 2697 942 2748 vero
966 2697 1122 2767 quorsum
1148 2683 1306 2770 processit

132 2799 257 2870 sensim
281 2777 468 2866 Latinorum
492 2794 549 2866 'illa
571 2796 605 2866 in
629 2797 807 2886 practicam
834 2798 993 2866 rationem
1021 2799 1212 2886 propensiol
1259 2799 1307 2868 Eo
1393 2869 1397 2884 ,

81 2917 84 2922 ’
135 2919 290 2988 nimirum
314 2921 506 2986 uteaterna
521 2916 620 2986 unico
638 2936 779 2997 curans,
802 2915 966 3006 propriam
981 2915 1212 2986 saluberrimae
1232 2917 1306 2988 reli·

133 3037 237 3126 gineis
256 3034 396 3106 indolem
413 3033 480 3104 lere
497 3043 599 3106 totam
616 3035 805 3124 negligeret.
851 3035 1009 3124 Angustia
1028 3034 1148 3105 tinibus
1164 3039 1307 3106 contine·

133 3155 230 3227 batur
248 3154 395 3224 doctrina
411 3154 543 3224 moralis
561 3156 678 3224 omnis.
712 3155 787 3224 Non
801 3153 1018 3243 quaerebatur
1031 3155 1109 3243 quid
1125 3156 1209 3236 lieo,
1222 3157 1307 3246 'quid

133 3274 340 3350 hominibus;
358 3272 427 3346 ,sed
455 3272 534 3360 quid
555 3273 719 3342 Ecclesiae
744 3281 829 3342 esset
852 3273 1092 3364 praestandum.
1135 3276 1209 3358 jlmo
1230 3297 1307 3346 vero

134 3389 215 3483 quid
238 3389 400 3479 agendum
423 3399 525 3471 esset,
555 3391 634 3480 quid
656 3412 720 3460 non
741 3391 922 3480 agendum,
945 3414 1009 3461 non
1030 3394 1236 3465 oraculorum
1259 3397 1307 3466 di·

132 3512 306 3590 vinorum,
348 3509 404 3579 sed
435 3509 617 3592 Ecclesiae,
650 3510 706 3580 sed
737 3510 902 3580 Pontificis
936 3511 1073 3580 Romani
1104 3515 1308 3586 statuebatur

129 3630 336 3728 auctoritate.
408 3656 410 3660 ·

179 3987 330 4077 Amplam
345 3986 413 4074 jam
433 3985 740 4058 materienses.
761 3989 889 4056 itineris
910 3991 1013 4058 oostd
1031 4000 1173 4081 partem,
1196 3995 1230 4060 in
1246 4011 1312 4080 quo

67 4083 70 4095 ¹
133 4107 312 4180 tetendisse
323 4093 465 4176 vidimus
475 4106 675 4178 Christianos
687 4107 728 4176 ad
740 4106 905 4186 meliorem
925 4108 1091 4180 doctrinae
1109 4111 1312 4181 Christianae

136 4229 313 4298 rationem:
346 4245 542 4314 quamquam
566 4227 660 4316 longe
682 4227 828 4309 abesse,
864 4236 901 4296 ut
930 4231 996 4298 vim
1029 4222 1103 4318 eins.
1127 4249 1254 4300 omnem
1277 4241 1310 4302 et

136 4329 318 4418 ubertatem
343 4348 460 4414 animis
484 4349 693 4436 perciperent.
742 4349 813 4416 Jam
838 4367 934 4426 raro,
965 4347 1087 4414 relictis
1120 4347 1314 4418 Christianis
