3052 5028
692 327 794 428 noe

128 567 256 618 omnem
287 557 459 630 exserant,
489 567 573 638 quae
599 549 689 616 intus
712 547 745 614 in
769 545 897 614 homine
927 542 1045 624 latent,
1076 544 1208 616 morulis
1228 565 1297 640 par·

126 668 275 738 iectionis
295 689 332 737 ac
348 667 564 758 praestantiae
583 665 723 737 seminat

166 789 277 876 Apage
293 789 395 876 igitur
413 787 609 856 reviviscens
625 784 724 868 illud,
743 791 778 852 at
789 784 875 855 vitae
895 801 971 852 vere
982 782 1183 854 Christianae
1194 785 1295 855 homi·

124 925 268 994 numque
290 907 389 988 saluti
411 906 678 976 nocentissimum
700 922 838 992 semper,
860 902 1068 990 dogmatismi
1090 905 1124 972 in
1147 905 1299 978 Divinam

123 1026 313 1114 religionem
333 1026 523 1114 imparium!
552 1023 662 1112 dpage
683 1021 840 1110 quioquid
858 1041 1010 1110 perverse
1029 1041 1068 1092 ac
1079 1043 1174 1092 meaa
1193 1025 1299 1092 homi·

123 1164 204 1220 num
224 1145 350 1224 studia,
372 1163 431 1230 per
450 1149 500 1210 tot
516 1142 586 1228 jam
606 1141 788 1210 seculorum
806 1141 991 1220 decursum,
1006 1141 1176 1230 Euangelii
1198 1145 1298 1214 admi.

124 1263 270 1330 souerint
292 1239 509 1348 simplicitatii
541 1259 635 1326 Vitae
651 1267 760 1328 autem
776 1259 843 1326 dux
858 1258 951 1326 nobis
970 1266 1068 1350 atque
1079 1263 1235 1349 magistra
1254 1266 1298 1334 sit

122 1379 173 1448 vel
192 1380 262 1468 ipsa
277 1379 349 1460 illa,
372 1399 471 1466 quam
485 1379 826 1459 commemoravimus,
849 1377 1013 1448 Ecclesiae
1030 1379 1143 1468 reique
1161 1379 1297 1450 Christi·

121 1516 203 1565 anae
225 1497 377 1578 historia,
408 1517 450 1565 ne
478 1496 520 1564 ad
542 1496 698 1565 obsoletas
720 1495 795 1564 lites
817 1496 1046 1587 doctrinasque
1068 1505 1157 1568 aetas
1187 1507 1297 1570 nostra

119 1616 252 1694 redeat,
277 1617 437 1684 uticanis
460 1614 501 1682 ad
521 1616 696 1691 vomitum;
719 1613 775 1682 sed
798 1635 874 1682 vero
896 1616 1036 1697 evitare,
1058 1615 1218 1704 effugere,
1238 1617 1296 1686 an-

118 1732 304 1802 horrescere
337 1734 458 1813 discat,
490 1753 714 1822 quaecumque
733 1741 801 1800 tam
823 1733 898 1814 diu,
922 1733 1021 1802 eheui
1056 1735 1206 1805 Divinam
1227 1739 1294 1808 vim

118 1851 297 1940 Religionis
313 1853 492 1922 arcuerint.
540 1851 680 1938 Pergant
699 1854 804 1940 igitur
821 1853 950 1932 Critici,
973 1863 1110 1941 pergant
1131 1858 1294 1946 Interpre-

117 1979 181 2050 tes,
197 1979 336 2060 pergant
354 1970 554 2057 Dogmatici,
569 1967 733 2056 ceterique
747 1979 884 2057 pergant
904 1971 1081 2049 Sanctioris
1098 1976 1294 2063 Disciplinee

118 2089 276 2169 cultores,
300 2090 334 2156 in
351 2088 488 2162 Divinae
506 2086 683 2174 Religionis
703 2087 842 2169 iontem,
865 2097 1112 2176 argumentum,
1136 2092 1293 2176 indolem,

115 2207 182 2276 vim
209 2227 342 2278 omnem
363 2214 398 2275 et
428 2205 678 2286 auctoritatem,
709 2209 798 2282 omni
826 2207 971 2276 adhibita
996 2207 1231 2294 sollicitudine,
1254 2213 1292 2280 li·

115 2325 209 2405 here,
229 2326 336 2397 'docte
367 2346 404 2396 ao
433 2327 486 2414 pie
510 2324 685 2412 inquirere.
733 2327 862 2415 Suoque
884 2327 932 2398 sic
951 2326 1046 2414 jnro,
1076 2365 1125 2382 -
1145 2331 1231 2416 quod
1254 2339 1293 2412 tu

113 2444 295 2524 vindicasti
314 2459 433 2533 nuper,
456 2443 502 2514 dl.
520 2444 733 2516 vnullvrvcvrui
757 2481 805 2498 -
827 2448 913 2516 inter
931 2454 1055 2518 ceteras
1079 2447 1291 2521 Academicos

114 2563 307 2652 Disciplinas
337 2583 434 2632 suum
465 2562 561 2650 digne
588 2569 720 2638 tueatur
745 2563 929 2635 Christiana
961 2565 1134 2654 Theologia
1164 2569 1302 2654 locuml

113 2682 243 2750 Rt'vero
258 2681 433 2750 Christiani
441 2681 572 2750 ⁴discant
587 2681 634 2747 ita
653 2680 756 2748 doctis
768 2681 857 2750 hisce
868 2683 1035 2768 laboribus
1047 2687 1111 2766 uti,
1129 2695 1169 2754 ut
1184 2709 1289 2777 neque

114 2799 320 2887 Theologiam
344 2800 449 2871 denuo
470 2797 668 2868 confundant
692 2816 767 2868 cum
789 2801 976 2889 Religione,
997 2821 1104 2893 neque
1121 2803 1296 2882 Ridciaut·

111 2917 289 3006 Religionis
300 2919 412 3007 nepita
422 2920 556 3007 verique
574 2917 716 2984 nominis
731 2918 889 3005 Dogmata
900 2920 1100 3000 Christiana,
1116 2923 1181 2990 nisi
1191 2925 1296 3004 mode,

111 3058 149 3108 ea
179 3038 339 3118 halieant,
374 3058 457 3126 quae
480 3037 642 3126 pertinent
677 3036 718 3106 ad
745 3040 915 3123 serapim
947 3057 1031 3126 quae
1063 3041 1131 3108 vim
1154 3045 1296 3128 omnipo-

109 3156 272 3249 {moralem
296 3164 393 3245 atque
413 3156 591 3244 practicam
624 3156 769 3242 spiraut;
792 3179 876 3245 quae
907 3175 948 3226 ex
969 3157 1090 3229 Christi
1106 3168 1215 3232 menta
1244 3161 1296 3240 ed*

111 3285 222 3342 veram
255 3275 358 3345 animi
380 3277 530 3362 vitaeque
560 3271 682 3345 iaciant
704 3275 974 3354 emendationem:
1005 3295 1151 3380 quiesque
1174 3280 1293 3368 ¹Regni·

112 3392 281 3474 Goelestis,
306 3395 346 3462 ab
363 3395 436 3484 Ipso
454 3391 592 3473 conditi,
616 3392 702 3460 inter
725 3392 894 3472 homines,
918 3402 952 3464 et
974 3413 1052 3476 vero
1069 3398 1292 3494 tro-nobismet·

108 3511 205 3600 ipsis,
228 3513 471 3590 incrementum,
486 3517 633 3602 spectant
651 3519 686 3580 et
704 3512 962 3616 explicationem.
986 3533 989 3542 ’
1031 3557 1035 3588 ;
1139 3535 1142 3542 ·

130 3628 197 3714 „Ut
219 3627 316 3694 verbo
338 3630 465 3698 dicam:
499 3633 539 3698 in
564 3631 763 3705 doctrinis
789 3651 879 3702 vere
901 3634 1098 3721 practicis
1126 3639 1290 3720 unitas,
1361 3725 1364 3730 Ι

107 3749 148 3816 in
171 3747 303 3817 minus
323 3749 519 3834 practicis
541 3749 731 3830 libertas,
752 3751 792 3818 in
815 3749 1225 3839 omnibusprudentia
1241 3769 1282 3830 et
1361 3832 1366 3840 ,

108 3867 293 3936 caritas!
318 3866 397 3940 haec
424 3881 544 3946 aurea,
558 3864 646 3938 ‘paee
673 3876 802 3948 sancta,
825 3867 917 3936 nobis
947 3877 1120 3962 nostroque
1142 3879 1281 3964 tempori
1361 3879 1378 3926 ⁵

106 3986 159 4054 lex
181 3986 410 4074 atque'regula
432 3988 512 4056 estol
537 3986 588 4058 lta
610 3985 741 4064 demum
754 3981 861 4056 v'eniet
883 3989 938 4062 illa
956 3989 1018 4062 hee
1038 3994 1150 4062 nostri
1165 3995 1280 4072 melior

27 4175 32 4182 ,
106 4113 213 4183 aetas,
238 4105 293 4174 ubi
317 4105 549 4175 nihilomnino
573 4103 647 4173 tidei
669 4105 754 4184 erit,
780 4107 865 4193 quod
885 4129 949 4178 uon
971 4112 1016 4180 sit
1038 4112 1143 4191 vitae,
1167 4113 1287 4190 utinll·
1418 4150 1422 4158 »

105 4225 212 4304 vitae,
241 4224 325 4312 qood
359 4245 422 4292 non
453 4225 497 4296 sit
516 4224 701 4302 vlidei31ubi
719 4224 901 4304 :silentibus
926 4229 1057 4309 tandem
1072 4229 1276 4316 ¹dogmatico-

103 4361 179 4411 rum
202 4342 313 4413 litibus
328 4365 455 4437 semper
477 4343 703 4427 infructuosis,
727 4347 873 4422 omnium
896 4348 1023 4426 Christo
1043 4347 1139 4423 fidem
1155 4350 1275 4426 ,haten-
