3052 5028
661 275 837 406 'rc

235 533 345 594 tamen
368 524 541 614 mqumto
564 525 632 596 iore
657 527 852 616 sperabant,
877 532 912 595 ct
931 545 990 594 nos
1011 521 1156 594 laturam
1181 526 1239 614 pie⁴
1255 534 1420 616 certoque

236 645 440 714 confidimns.
475 643 612 725 Veniet,
635 647 761 726 veniet,
784 645 847 715 hic
869 644 980 712 nestra
1004 644 1119 734 melier
1135 653 1240 716 aetas.
1274 645 1422 717 Omnem

236 766 369 833 insitam
397 765 459 834 sibi
482 766 548 833 vim
581 765 754 854 explicabit
775 772 809 834 at
834 771 961 834 exseret
984 763 1203 846 aeternalia,
1226 765 1425 856 Christique

236 887 271 953 in
291 885 380 952 hicce
399 887 497 954 terris
511 884 879 966 instauraraitcctccia,
900 885 1083 952 instaurata
1095 885 1295 974 ileligiatrc',
1317 885 1426 967 haec,

238 1020 337 1094 quam
357 1007 463 1073 amuis
486 1009 631 1092 spectat,
654 1004 801 1094 perficiet
829 1002 961 1072 tandem
984 1001 1144 1072 humani
1178 1006 1341 1093 generis
1366 1025 1425 1074 re·

238 1125 549 1221 generationem!

285 2463 393 2536 Verba
423 2459 486 2534 ieci
517 2461 687 2556 hucusque
713 2432 811 2537 llum.
841 2461 1032 2537 tuiitcrest
1061 2474 1100 2537 ut
1119 2441 1420 2566 animc'satisiace

240 2603 317 2656 rcm'
333 2602 423 2664 meo,
446 2601 551 2672 neque
570 2583 605 2652 id
628 2586 923 2674 praetermitterem
948 2593 1092 2668 temere,
1116 2565 1422 2678 pucd'llagistratn

189 2691 191 2696 ’
239 2700 433 2775 Academico
458 2701 591 2770 abeunti
618 2701 670 2772 lex
698 2703 830 2794 quidem
851 2705 998 2795 imponit
1015 2683 1126 2804 ncilla,
1150 2702 1207 2800 seii
1229 2726 1301 2776 mos
1316 2707 1422 2799 -iltajc

241 2843 317 2892 rum
340 2839 410 2890 csse
433 2827 586 2920 sanctum
601 2819 704 2910 lubet.
1031 2817 1034 2824 ’
1359 2915 1362 2922 Ι

285 2938 335 3010 Ari
351 2937 439 3010 aliud
461 2941 574 3022 renio,
597 2939 683 3030 qued
698 2941 892 3010 necessitate
910 2938 992 3032 legis
1010 2961 1076 3010 non
1091 2943 1220 3025 minus,
1240 2933 1342 3042 quam
1361 2947 1421 3016 iru-
1504 2937 1505 2988 l

235 3061 292 3151 jus
306 3061 499 3129 Academiae
515 3061 651 3128 caritate
674 3081 694 3128 a
711 3081 764 3130 me
779 3062 872 3130 video
890 3061 1067 3150 postulari·
1097 3043 1173 3130 'noc
1194 3041 1283 3132 enim
1295 3061 1423 3134 solenni
1504 3105 1505 3110 =

237 3179 294 3247 ‘die
308 3187 490 3267 oportetea
509 3199 773 3258 commemorare,
798 3201 894 3276 quae
914 3200 967 3248 me
986 3181 1137 3280 Rectore,
1155 3181 1332 3283 Academia
1355 3187 1423 3254 sive
1504 3183 1505 3188 ’

239 3290 383 3366 maxime
399 3313 564 3386 prospera
577 3279 678 3378 licit,
697 3294 766 3366 sive
789 3299 937 3366 tristiora
966 3299 1099 3388 experta
1132 3307 1191 3368 est.
1240 3297 1423 3392 Utrumque

238 3413 404 3514 legislator
433 3414 586 3504 prudenti
608 3417 742 3486 consilio
760 3417 890 3506 iunxit,
914 3393 1013 3506 preire
1044 3415 1171 3498 sciens,
1187 3443 1190 3448 ·
1204 3411 1289 3488 hanc
1306 3399 1415 3490 rernm

238 3536 468 3604 humanarum
496 3531 714 3604 conditionem
738 3555 831 3613 esse,
862 3541 901 3602 ut
925 3553 1032 3622 neque
1056 3535 1142 3604 mala
1167 3533 1290 3618 bonis,·
1316 3557 1419 3628 nequa

238 3653 290 3722 v'el
312 3651 435 3743 optima
459 3649 492 3721 et
514 3649 715 3724 faustissima
736 3651 897 3724 malcrum
919 3662 1051 3723 careant
1073 3655 1314 3724 commixtione.
1392 3661 1396 3669 '

284 3769 365 3840 liilri
387 3777 499 3872 autem
523 3780 592 3842 tam
616 3795 687 3844 esse
712 3751 799 3844 ielici
821 3771 1001 3862 contingit,
1023 3781 1063 3843 ut
1079 3773 1172 3844 tanta
1198 3771 1334 3864 quidem
1357 3795 1423 3847 non

238 3892 283 3962 sit
304 3889 446 3992 lugenda
463 3899 615 3982 strages,
648 3901 805 3983 quantam
828 3893 924 3975 clim,
959 3901 1114 3982 quantam
1144 3911 1230 3963 anne
1256 3893 1426 3985 imprimis

238 4010 386 4100 proxime
415 4007 541 4092 elabso,
575 4013 750 4082 chvrrsro
771 4021 804 4082 et
831 4013 1001 4080 Himrrac
1025 4013 1061 4081 in
1088 4033 1218 4083 summu
1246 4016 1367 4084 aetatis
1390 4023 1424 4084 ct

238 4129 405 4198 doetrinae
426 4129 505 4197 licre
523 4131 711 4214 exstinctis,
733 4133 835 4201 honae
851 4129 984 4212 literae,
1007 4130 1135 4234 Patria,
1157 4134 1238 4202 haec
1257 4135 1425 4223 imprimis
1504 4171 1505 4174 π

238 4249 412 4318 Academia
438 4248 707 4342 lacrymabantur
728 4259 761 4320 et
784 4251 1034 4342 illacrymantur
1058 4249 1175 4322 adhuc.
1223 4251 1287 4323 llni
1305 4273 1423 4343 paren·

142 4354 144 4358 ’
239 4365 374 4437 tandum
391 4375 459 4450 est,
482 4390 522 4439 ex
542 4367 740 4442 Prolesscric
757 4369 887 4453 ordine,
910 4372 998 4464 seni,
1016 4379 1050 4442 at
1066 4371 1136 4442 seni
1154 4369 1421 4456 ammianum,
1504 4409 1505 4456 1
