3046 5036
702 350 727 423 5

126 564 163 612 sc
182 541 281 611 veluti
302 542 558 629 circumseptus,
583 539 616 606 in
637 537 766 608 Daedali
786 539 878 627 quasi
895 537 1081 630 labyrintho
1096 535 1246 609 oberrare
1266 551 1305 610 so

124 661 257 741 credat,
281 667 318 728 ut
345 680 410 748 quo
429 679 463 728 se
491 666 617 738 venat,
641 657 800 747 quomodo
828 679 863 726 se
890 657 965 726 inde
984 657 1150 747 expediat,
1174 660 1300 747 ignoret

125 799 271 871 prorsus:
316 779 436 846 Verum
459 777 524 846 dux
545 775 638 845 nobis
660 777 752 846 adest
771 785 804 845 et
825 796 949 855 comcs,
971 795 1036 865 qua
1057 776 1235 846 aderitum
1254 777 1299 845 la·

123 898 186 966 cilc
201 897 447 987 perveniamus,
471 897 594 985 ingenii
617 895 751 964 humani
777 895 1002 962 consideratio.
1049 893 1143 962 llaud
1160 893 1243 964 iortc
1265 902 1299 964 et

123 1029 201 1086 casu
219 1015 414 1083 exstiterunt
432 1015 523 1082 varia
542 1013 597 1080 illa
616 1015 782 1082 variorum
801 1021 985 1102 temporum
1007 1012 1146 1102 placita,
1168 1012 1228 1082 scd
1242 1013 1297 1082 lro·

120 1135 241 1204 minem
264 1133 450 1202 habuerunt
472 1140 662 1211 auctorem,
682 1131 739 1219 qui
762 1130 837 1198 aliis
863 1131 1063 1220 temporibus
1083 1131 1297 1220 alla-appele·

119 1259 192 1332 ret,
215 1251 279 1320 alia
301 1252 460 1337 cogitaret
478 1258 513 1318 ct
531 1248 679 1317 tenderet
697 1269 824 1316 summa
843 1269 920 1337 ope,
943 1248 1093 1336 quamvis
1110 1246 1221 1318 labeus
1242 1261 1295 1318 stt·

117 1367 240 1446 binde,
258 1367 299 1434 ad
330 1366 546 1434 conditionem
569 1367 746 1435 meliorem.
792 1367 878 1434 llaec
900 1365 1037 1434 humani
1073 1365 1193 1453 ingenii
1221 1386 1295 1434 con·

119 1483 288 1574 templatio
310 1483 410 1552 veluti
433 1483 524 1552 lilum
551 1485 643 1553 nobis
664 1484 782 1565 tradit,
805 1483 893 1571 quod
918 1483 949 1551 si
968 1483 1179 1572 arripiamus,
1202 1503 1295 1562 cccc,

117 1605 171 1672 via
191 1603 283 1671 nobis
297 1602 440 1692 patebit,
462 1621 526 1690 qua
544 1602 620 1671 laeti
643 1611 741 1692 atque
763 1603 870 1672 securi
893 1617 1023 1672 omnem
1045 1601 1151 1673 locon
1168 1611 1295 1690 petros-

117 1724 270 1811 ligemus.
805 1785 815 1798 ,
1151 1729 1154 1736 ’

117 1881 122 1886 -
162 1823 427 1929 Quandoquidem
458 1842 560 1930 igitur
591 1840 673 1909 mihi
703 1840 855 1931 deinceps
883 1839 1039 1910 tradenda
1069 1842 1134 1910 erit
1165 1861 1294 1932 quoque

115 1959 305 2049 dogmatum
334 1961 469 2030 historia
495 1959 777 2038 Christianorum,
805 1958 886 2028 illud
919 1959 1072 2048 inprimis
1102 1979 1201 2030 curae
1229 1963 1293 2030 crit

116 2077 286 2166 cordique,
309 2086 347 2145 ut
365 2079 449 2146 hanc
469 2077 693 2167 disciplinam,
715 2098 799 2164 quae
818 2077 932 2145 multis
949 2077 1115 2166 displicet,
1139 2099 1197 2166 pro
1215 2081 1292 2148 viri·

113 2196 175 2264 ltus
188 2205 223 2264 ct
241 2217 317 2264 vere
332 2213 488 2284 cxpnnam
503 2203 537 2263 ct
548 2193 757 2264 exhilarando
774 2195 1009 2264 commendem.
1032 2197 1074 2264 llt
1091 2215 1166 2266 cum
1183 2199 1290 2285 auspi·

112 2311 322 2385 caturomihi
342 2313 571 2402 professionem
595 2312 735 2392 hancce,
757 2312 886 2401 publice
905 2313 1033 2382 dicendi
1053 2316 1228 2386 necessitas
1247 2317 1290 2384 sit

111 2435 283 2526 imposita,
305 2432 393 2500 haud
417 2432 525 2521 inepte
546 2450 600 2499 me
621 2438 774 2499 acturum
806 2432 1012 2512 existimavi,
1034 2434 1063 2502 si
1086 2433 1182 2504 rerba
1206 2433 1289 2504 lacc-

111 2573 198 2622 rcm:
212 2553 253 2620 dc
262 2550 480 2642 propressione
496 2549 616 2640 inqenii
631 2549 776 2629 lomet,
794 2549 828 2616 in
841 2548 1022 2638 doqntclu'm
1035 2550 1166 2622 tonna
1183 2552 1289 2622 oons-

110 2673 268 2740 lionnrum
289 2669 572 2738 animaduertenda.
1116 2729 1119 2738 .
1278 2739 1283 2746 ,

112 2830 116 2838 -
157 2789 195 2856 ln
214 2807 278 2876 quc
295 2787 480 2874 argumenti
499 2786 643 2868 delectu,
666 2795 705 2856 ut
724 2805 838 2856 vereor
853 2784 921 2855 lere
939 2788 977 2856 A.
997 2789 1036 2859 Α.
1058 2807 1099 2858 ne
1117 2791 1288 2860 materiam

112 2906 284 2976 sumserim
303 2905 427 2974 virilium
445 2907 528 2976 meis
546 2905 720 2994 majorem,
744 2906 790 2984 ita
813 2925 905 2994 spem
926 2925 1010 2995 pono
1027 2927 1157 2976 omnem
1172 2910 1206 2978 in
1227 2909 1286 2978 lau·

109 3025 266 3095 monitate
288 3031 405 3094 vestra.
451 3025 535 3094 lllud
556 3025 720 3096 animnos
742 3025 838 3092 enixe
857 3033 986 3112 rogatos
1009 3025 1124 3106 velim,
1148 3035 1186 3094 ut
1207 3027 1287 3096 laci·
1359 3054 1363 3062 ¹
1434 2999 1442 3008 ’

106 3145 154 3215 les
180 3165 279 3213 aures
296 3144 411 3233 juveni
434 3141 587 3232 praebere
610 3143 805 3232 dignemini,
829 3142 1009 3224 illiteratis,
1027 3164 1101 3212 nou
1125 3145 1284 3234 amplissi-

105 3266 172 3336 mis
199 3263 460 3355 doctissimisque
492 3263 593 3342 viris,
628 3263 733 3351 patrio
758 3281 928 3341 sermone,
951 3281 1011 3330 nec
1040 3261 1141 3332 latino
1174 3263 1283 3334 dicere

103 3385 210 3464 solito,
225 3401 387 3472 quemque
402 3379 443 3448 ad
458 3378 614 3469 pudorem
630 3387 737 3449 mouet
752 3387 917 3450 tantorum
931 3379 1280 3470 adspectus-virorum,

102 3503 223 3593 quibus
253 3520 356 3568 nortus
384 3519 443 3588 ego
469 3506 579 3567 orator
608 3502 642 3568 in
666 3499 879 3568 honorificum
904 3498 1030 3570 huncce
1059 3500 1189 3581 locum,
1217 3522 1280 3570 nou

102 3620 172 3690 sinc
187 3637 307 3706 magno
326 3617 465 3706 quodam
489 3619 591 3688 animi
616 3627 755 3690 tremore
773 3615 913 3690 essendi.

99 4037 104 4046 .
144 3973 334 4047 Istiusmodi
360 3982 410 4043 est
439 3974 506 4044 lare
532 3975 655 4064 ingenii
689 3973 824 4043 humani
849 3976 950 4056 ratio,
985 3984 1023 4045 ut
1045 3979 1166 4058 uariis,
1196 3997 1278 4066 quas

98 4097 285 4187 percurrit,
308 4095 490 4176 aetatibus,
519 4095 626 4162 varim
650 4093 781 4162 emittat
810 4101 908 4184 atque
937 4094 1075 4185 explicet
1096 4096 1276 4164 facultates.

144 4216 248 4299 Quam
268 4213 412 4302 primum
432 4214 528 4282 homo
552 4235 590 4283 cx
615 4215 753 4303 pristino
777 4214 831 4282 illo
853 4225 982 4304 torpore
1005 4215 1099 4303 quasi
1122 4213 1277 4301 evigilare

99 4335 224 4424 coepit,
247 4333 381 4402 ducitur
405 4336 558 4416 continuo
581 4334 665 4402 mira
681 4333 866 4422 plantasiae
888 4335 932 4402 vi.
977 4333 1025 4401 lla
1048 4337 1167 4400 cuncta
1186 4351 1272 4402 sume
