3052 5028
669 347 719 420 95

131 567 209 620 esse.
235 583 277 602 «-
303 539 387 625 outo
411 540 513 628 igitur
535 537 679 616 mnam,
702 539 731 604 si
757 537 877 606 Paulus
907 555 1001 606 suam
1023 539 1091 627 ipse
1115 538 1211 628 hujtts
1234 541 1303 608 ilu-

130 663 250 754 angeiii
261 660 509 750 explicationem
524 655 664 745 simplici
682 655 967 726 »Institutionissd
979 658 1156 746 pietatem”
1173 660 1303 728 nomine

131 784 260 862 dixerit,
270 789 303 850 et
315 786 428 848 contra
436 798 489 846 eos
502 775 632 866 quidem
642 777 689 844 sio
701 795 772 844 eam
785 775 914 856 dixerit,
923 796 1002 865 quos
1014 779 1207 866 cognitionis
1214 778 1305 866 justo

131 900 310 973 subtilioris
322 897 429 966 studio
448 897 488 965 ab
510 897 597 964 illius
616 894 824 984 simplicitate
836 915 895 962 suo
908 898 978 986 jam
998 905 1141 987 tempore
1153 897 1303 966 aberran-

131 1031 181 1090 tes
201 1016 371 1088 videbatli
419 1015 503 1100 Quid
528 1016 671 1094 mirum,
694 1015 723 1081 si
747 1015 854 1101 ipsum
877 1014 1004 1084 divinae
1023 1017 1199 1106 Religionis
1219 1017 1304 1084 inter

132 1141 281 1214 homines
290 1138 552 1212 firmamentum,
566 1153 642 1202 'non
659 1133 940 1221 contemplativam
952 1135 1126 1223 quamdam
1148 1158 1189 1204 ae
1203 1137 1303 1206 sulti-

131 1261 198 1334 lem
220 1258 411 1329 divinarum
426 1273 538 1324 rerum
560 1252 778 1340 cognitionem
796 1273 867 1322 esse
884 1255 1094 1344 pronuntiet,
1125 1256 1182 1324 sed
1203 1254 1304 1328 ritem

133 1384 296 1456 metam,
318 1393 401 1464 qna,
422 1373 610 1460 quicunqne
628 1371 748 1440 Christi
766 1371 843 1440 velit
865 1375 995 1442 nomine
1014 1373 1094 1456 diei,
1118 1376 1190 1464 Ipso
1204 1375 1306 1460 duee,

133 1496 174 1570 alt
196 1496 285 1568 omni
309 1493 481 1581 iniquitate
501 1490 676 1562 discedam.
723 1491 789 1559 Hoc
811 1493 934 1581 ipsum,
956 1495 1107 1562 recodere
1130 1495 1307 1588 abiniqui.

132 1623 218 1696 tate,
242 1634 301 1708 neo
327 1611 412 1680 malo
434 1611 602 1701 superari,
626 1610 682 1680 sed
705 1610 828 1680 malum
854 1612 984 1682 sineere
1005 1613 1107 1696 inno,
1129 1617 1307 1701 virtutem,

131 1753 245 1824 mecm
273 1739 307 1802 et
326 1731 483 1802 laetitiam
509 1729 613 1800 colere
634 1732 668 1798 in
691 1733 811 1820 spiritu
839 1739 970 1809 sancto,
1003 1733 1066 1802 hoo
1091 1737 1199 1825 ipsnrn
1224 1737 1307 1808 dixit

132 1854 237 1940 Regni
271 1851 374 1920 ueni
403 1850 595 1938 participem
623 1871 692 1918 se
701 1857 725 1916 ³.
773 1851 820 1918 Eo
851 1871 927 1920 vero
952 1854 1086 1922 oonsilio
1120 1862 1307 1948 apparuisse

133 1969 275 2058 gratiam
311 1968 370 2036 liei
403 1967 566 2046 declarat,
596 1976 634 2035 nt
668 1969 820 2036 instituat
853 1989 912 2039 nos
941 1972 983 2038 ad
1014 1974 1116 2042 ritem
1151 1977 1306 2060 sobriam,

130 2088 276 2177 justam,
299 2085 389 2176 piam
418 2085 454 2152 in
477 2081 538 2152 hoo
569 2084 693 2152 mumdo
718 2085 895 2173 agendum,
917 2106 974 2176 spe
1002 2098 1091 2156 certa
1122 2105 1307 2183 exspectan·

132 2215 193 2277 tes·
210 2204 357 2274 intutum
387 2201 521 2291 gloriae
539 2202 616 2281 Dei,
639 2204 660 2269 i.
674 2224 702 2271 e.
726 2204 804 2272 lesu
832 2204 951 2273 Christi
975 2207 1163 2278 servatoris
1186 2220 1307 2299 nostri,

131 2323 387 2415 apparitionem,
410 2322 470 2414 qui
487 2341 523 2388 se
546 2341 604 2410 pro
626 2321 719 2390 nobis
739 2322 810 2390 ideo
833 2322 983 2406 dederit,
1007 2335 1045 2394 nt
1075 2327 1227 2402 liberaret
1249 2354 1307 2406 nos

131 2444 173 2516 als
205 2442 294 2512 omni
330 2439 523 2527 iniquitate,
556 2440 683 2529 sibique
714 2444 784 2530 ipse
817 2441 971 2532 populum
1002 2444 1182 2518 vindicaret
1215 2452 1307 2524 honis

129 2561 280 2653 opnibus
297 2558 481 2629 acutamu
1206 2579 1208 2584 ·

175 2678 368 2751 uheaeuca
396 2677 568 2766 Euangelii
588 2679 661 2748 luxi
694 2677 883 2750 Oselntare
910 2682 1040 2770 necque
1075 2684 1304 2773 dignissimum

130 2799 291 2888 Religioni
315 2795 518 2866 Christianae
537 2796 725 2885 impositum
756 2801 893 2866 munust
929 2797 991 2868 Cui
1014 2809 1046 2868 et
1069 2821 1128 2871 nos
1152 2804 1306 2880 dehemus

130 2916 288 3010 quiequid
298 2915 404 2984 solatii
417 2922 485 2996 est,
507 2935 571 3004 quo
585 2915 788 3004 indigeamus
801 2917 836 2984 in
848 2917 947 3006 hujus
961 2919 1048 2988 ritae
1060 2921 1306 2998 caducaemtse·

129 3039 204 3115 riis;
239 3033 395 3124 quicquid
417 3031 530 3103 anxilii
548 3041 581 3102 et
606 3032 831 3116 incitamenti,
854 3057 918 3126 quo
942 3038 1062 3108 inditas
1083 3040 1175 3110 nohis
1198 3063 1217 3112 a
1240 3047 1305 3117 ileo

130 3155 285 3226 moralem
307 3153 448 3224 indolem
478 3153 814 3242 viresqueexplioare
833 3159 993 3244 possimus
1017 3167 1114 3248 atque
1134 3165 1307 3252 perticere

132 3271 287 3362 quioquid
307 3270 446 3360 denique
473 3272 565 3352 honi,
589 3272 697 3362 cuins,
723 3275 789 3341 sive
814 3275 848 3340 in
865 3273 924 3342 hae
945 3277 1013 3344 sive
1037 3278 1069 3346 in
1094 3279 1206 3354 sutura
1215 3289 1306 3370 -vita,

132 3391 223 3460 nobis
246 3410 316 3458 esso
338 3391 511 3480 participes
530 3390 639 3460 liceatt
955 3477 964 3490 ι

167 3509 306 3579 -lltinam
326 3527 453 3596 semper
469 3508 502 3578 id
519 3511 782 3600 perpendissent,
806 3513 924 3601 quihus
952 3535 1118 3584 summurn
1141 3518 1203 3587 hoc
1233 3541 1308 3592 con·

130 3628 207 3716 tigit
227 3626 420 3697 beneficium
443 3628 519 3707 uei,
543 3631 709 3700 mortales!
757 3631 827 3699 Non
847 3634 895 3701 sic
917 3635 1043 3701 intaeta
1070 3653 1154 3704 nuce
1169 3641 1308 3714 mandu-

131 3766 207 3816 care
238 3751 394 3833 putamen
425 3753 626 3827 tentassent,
652 3759 800 3838 spectare
825 3752 1004 3838 margarita
1029 3754 1063 3820 in
1091 3775 1156 3825 una
1185 3761 1308 3833 concha

129 3866 320 3934 haesissent.
351 3863 420 3932 Non
443 3873 492 3934 tot
511 3886 647 3935 numero
668 3869 776 3946 rixae,
799 3869 891 3948 litae,
914 3867 996 3950 odia,
1018 3871 1152 3946 dissidia
1170 3882 1307 3950 acerbis-

168 4239 191 4308 ι)
211 4240 251 4309 Τῇ
271 4243 334 4293 κατ’
355 4235 518 4311 εὐσέβειαν
535 4237 721 4314 διδασκαλίᾳ.
769 4239 838 4294 tad
854 4245 916 4298 Ttu.
938 4247 987 4300 Vl:
1008 4249 1032 4298 3.
1052 4263 1106 4320 sqq.
1181 4249 1204 4320 ²)
1223 4251 1250 4304 li
1270 4254 1307 4311 ud

128 4343 320 4398 uru.11:1e.
422 4343 446 4416 ³)
465 4342 502 4398 ad
514 4345 586 4400 Rom.
607 4349 668 4400 xit:
689 4347 732 4400 ut.
771 4345 896 4404 x1v217.
993 4346 1304 4438 ⁴)odl'1u.ll:il.sqq.
