<?xml version="1.0" encoding="UTF-8"?>
<!DOCTYPE html PUBLIC "-//W3C//DTD XHTML 1.0 Transitional//EN"
    "http://www.w3.org/TR/xhtml1/DTD/xhtml1-transitional.dtd">
<html xmlns="http://www.w3.org/1999/xhtml" xml:lang="en" lang="en">
 <head>
  <title>
</title>
<meta http-equiv="Content-Type" content="text/html;charset=utf-8" />
  <meta name='ocr-system' content='tesseract 3.04.00' />
  <meta name='ocr-capabilities' content='ocr_page ocr_carea ocr_par ocr_line ocrx_word'/>
</head>
<body>
  <div class='ocr_page' id='page_1' title='image "./nicolaichristia00kistgoog/nicolaichristia00kistgoog_0127.png"; bbox 0 0 3052 5028; ppageno 0'>
   <div class='ocr_carea' id='block_1_1' title="bbox 791 323 862 398">
    <p class='ocr_par' dir='ltr' id='par_1_1' title="bbox 791 323 862 398">
     <span class='ocr_line' id='line_1_1' title="bbox 791 323 862 398; baseline 0.028 -2"><span class='ocrx_word' id='word_1_1' title='bbox 791 323 862 398; x_wconf 82' lang='lat' dir='ltr'><em>lto</em></span> 
     </span>
    </p>
   </div>
   <div class='ocr_carea' id='block_1_2' title="bbox 240 513 1418 1658">
    <p class='ocr_par' dir='ltr' id='par_1_2' title="bbox 280 513 1418 961">
     <span class='ocr_line' id='line_1_2' title="bbox 288 513 1416 604; baseline -0.005 -13"><span class='ocrx_word' id='word_1_2' title='bbox 288 518 345 591; x_wconf 75' lang='lat' dir='ltr'><em>aaa</em></span> <span class='ocrx_word' id='word_1_3' title='bbox 372 516 516 586; x_wconf 88' lang='lat' dir='ltr'><em>lemmate</em></span> <span class='ocrx_word' id='word_1_4' title='bbox 538 517 740 604; x_wconf 75' lang='lat' dir='ltr'><em>inscriptam:</em></span> <span class='ocrx_word' id='word_1_5' title='bbox 766 517 854 585; x_wconf 81' lang='lat' dir='ltr'><em>»The</em></span> <span class='ocrx_word' id='word_1_6' title='bbox 873 515 940 582; x_wconf 87' lang='lat' dir='ltr'><em>real</em></span> <span class='ocrx_word' id='word_1_7' title='bbox 963 531 1112 604; x_wconf 78' lang='lat' dir='ltr'><em>progresso</em></span> <span class='ocrx_word' id='word_1_8' title='bbox 1136 513 1171 580; x_wconf 91' lang='lat' dir='ltr'><em>ol</em></span> <span class='ocrx_word' id='word_1_9' title='bbox 1192 514 1323 582; x_wconf 87' lang='lat' dir='ltr'><em>natural</em></span> <span class='ocrx_word' id='word_1_10' title='bbox 1342 516 1416 585; x_wconf 87' lang='lat' dir='ltr'><em>llis-</em></span> 
     </span>
     <span class='ocr_line' id='line_1_3' title="bbox 286 627 1416 728; baseline -0.004 -24"><span class='ocrx_word' id='word_1_11' title='bbox 286 644 361 726; x_wconf 84' lang='lat' dir='ltr'><em>tory</em></span> <span class='ocrx_word' id='word_1_12' title='bbox 387 643 449 704; x_wconf 83' lang='lat' dir='ltr'><em>etc.</em></span> <span class='ocrx_word' id='word_1_13' title='bbox 475 635 651 728; x_wconf 74' lang='lat' dir='ltr'><em>(l&#39;ouoss.)”</em></span> <span class='ocrx_word' id='word_1_14' title='bbox 696 635 766 704; x_wconf 83' lang='lat' dir='ltr'><em>Hac</em></span> <span class='ocrx_word' id='word_1_15' title='bbox 788 627 822 702; x_wconf 89' lang='lat' dir='ltr'><em>in</em></span> <span class='ocrx_word' id='word_1_16' title='bbox 844 636 1103 702; x_wconf 79' lang='lat' dir='ltr'><em>mmmmtattane.</em></span> <span class='ocrx_word' id='word_1_17' title='bbox 1120 635 1273 722; x_wconf 79' lang='lat' dir='ltr'><strong><em>quaedam</em></strong></span> <span class='ocrx_word' id='word_1_18' title='bbox 1298 638 1416 723; x_wconf 80' lang='lat' dir='ltr'><em>reperi·</em></span> 
     </span>
     <span class='ocr_line' id='line_1_4' title="bbox 284 752 1417 842; baseline 0.002 -22"><span class='ocrx_word' id='word_1_19' title='bbox 284 763 382 828; x_wconf 81' lang='lat' dir='ltr'><em>untur</em></span> <span class='ocrx_word' id='word_1_20' title='bbox 411 774 491 840; x_wconf 90' lang='lat' dir='ltr'><em>quae</em></span> <span class='ocrx_word' id='word_1_21' title='bbox 523 753 564 818; x_wconf 86' lang='lat' dir='ltr'><em>aa</em></span> <span class='ocrx_word' id='word_1_22' title='bbox 593 755 659 842; x_wconf 90' lang='lat' dir='ltr'><em>ipso</em></span> <span class='ocrx_word' id='word_1_23' title='bbox 689 753 877 842; x_wconf 74' lang='lat' dir='ltr'><em>quaestionis</em></span> <span class='ocrx_word' id='word_1_24' title='bbox 906 761 1088 842; x_wconf 86' lang='lat' dir='ltr'><em>arqumeoto</em></span> <span class='ocrx_word' id='word_1_25' title='bbox 1115 752 1220 820; x_wconf 87' lang='lat' dir='ltr'><em>aliena</em></span> <span class='ocrx_word' id='word_1_26' title='bbox 1249 753 1417 830; x_wconf 76' lang='lat' dir='ltr'><em>uiderimus:</em></span> 
     </span>
     <span class='ocr_line' id='line_1_5' title="bbox 280 871 1418 961; baseline 0.003 -23"><span class='ocrx_word' id='word_1_27' title='bbox 280 880 445 961; x_wconf 88' lang='lat' dir='ltr'><em>praeterea</em></span> <span class='ocrx_word' id='word_1_28' title='bbox 477 872 563 959; x_wconf 87' lang='lat' dir='ltr'><em>parti</em></span> <span class='ocrx_word' id='word_1_29' title='bbox 593 874 785 940; x_wconf 71' lang='lat' dir='ltr'><em>anatomicos</em></span> <span class='ocrx_word' id='word_1_30' title='bbox 812 874 916 940; x_wconf 86' lang='lat' dir='ltr'><em>icones</em></span> <span class='ocrx_word' id='word_1_31' title='bbox 948 874 1053 939; x_wconf 88' lang='lat' dir='ltr'><em>minus</em></span> <span class='ocrx_word' id='word_1_32' title='bbox 1084 871 1258 939; x_wconf 80' lang='lat' dir='ltr'><em>tantaottcs</em></span> <span class='ocrx_word' id='word_1_33' title='bbox 1282 873 1418 941; x_wconf 62' lang='lat' dir='ltr'><em>„additos</em></span> 
     </span>
    </p>

    <p class='ocr_par' dir='ltr' id='par_1_3' title="bbox 240 987 1418 1658">
     <span class='ocr_line' id='line_1_6' title="bbox 240 987 1418 1080; baseline 0.005 -28"><span class='ocrx_word' id='word_1_34' title='bbox 240 1047 243 1052; x_wconf 90' lang='lat'><em>.</em></span> <span class='ocrx_word' id='word_1_35' title='bbox 286 1010 354 1065; x_wconf 82' lang='lat' dir='ltr'><em>esca</em></span> <span class='ocrx_word' id='word_1_36' title='bbox 383 987 467 1056; x_wconf 88' lang='lat' dir='ltr'><em>dolet</em></span> <span class='ocrx_word' id='word_1_37' title='bbox 496 988 587 1058; x_wconf 86' lang='lat' dir='ltr'><em>Ordo.</em></span> <span class='ocrx_word' id='word_1_38' title='bbox 635 991 684 1058; x_wconf 86' lang='lat' dir='ltr'><em>lle</em></span> <span class='ocrx_word' id='word_1_39' title='bbox 708 991 884 1080; x_wconf 75' lang='lat' dir='ltr'><em>quaestions</em></span> <span class='ocrx_word' id='word_1_40' title='bbox 909 999 1013 1056; x_wconf 89' lang='lat' dir='ltr'><em>tamen</em></span> <span class='ocrx_word' id='word_1_41' title='bbox 1042 993 1188 1058; x_wconf 87' lang='lat' dir='ltr'><em>uniuersa</em></span> <span class='ocrx_word' id='word_1_42' title='bbox 1215 990 1260 1056; x_wconf 89' lang='lat' dir='ltr'><em>ito</em></span> <span class='ocrx_word' id='word_1_43' title='bbox 1291 992 1418 1079; x_wconf 79' lang='lat' dir='ltr'><em>scripsit</em></span> 
     </span>
     <span class='ocr_line' id='line_1_7' title="bbox 285 1107 1417 1188; baseline 0.004 -15"><span class='ocrx_word' id='word_1_44' title='bbox 285 1114 414 1185; x_wconf 85' lang='lat' dir='ltr'><em>auctor,</em></span> <span class='ocrx_word' id='word_1_45' title='bbox 435 1113 470 1178; x_wconf 82' lang='lat' dir='ltr'><em>nt</em></span> <span class='ocrx_word' id='word_1_46' title='bbox 488 1116 518 1176; x_wconf 90' lang='lat' dir='ltr'><em>ot</em></span> <span class='ocrx_word' id='word_1_47' title='bbox 539 1107 729 1188; x_wconf 86' lang='lat' dir='ltr'><em>doctrinam,</em></span> <span class='ocrx_word' id='word_1_48' title='bbox 753 1119 782 1176; x_wconf 89' lang='lat' dir='ltr'><em>et</em></span> <span class='ocrx_word' id='word_1_49' title='bbox 799 1111 833 1175; x_wconf 89' lang='lat' dir='ltr'><em>in</em></span> <span class='ocrx_word' id='word_1_50' title='bbox 851 1108 997 1176; x_wconf 76' lang='lat' dir='ltr'><em>umoersa</em></span> <span class='ocrx_word' id='word_1_51' title='bbox 1019 1109 1261 1178; x_wconf 81' lang='lat' dir='ltr'><em>Oruslaceorum</em></span> <span class='ocrx_word' id='word_1_52' title='bbox 1284 1109 1417 1178; x_wconf 74' lang='lat' dir='ltr'><em>historia</em></span> 
     </span>
     <span class='ocr_line' id='line_1_8' title="bbox 282 1226 1417 1316; baseline 0.002 -22"><span class='ocrx_word' id='word_1_53' title='bbox 282 1226 450 1314; x_wconf 80' lang='lat' dir='ltr'><em>peritiam,</em></span> <span class='ocrx_word' id='word_1_54' title='bbox 483 1235 514 1292; x_wconf 88' lang='lat' dir='ltr'><em>ot</em></span> <span class='ocrx_word' id='word_1_55' title='bbox 547 1227 582 1292; x_wconf 85' lang='lat' dir='ltr'><em>in</em></span> <span class='ocrx_word' id='word_1_56' title='bbox 615 1227 839 1316; x_wconf 61' lang='lat' dir='ltr'><em>investigandis</em></span> <span class='ocrx_word' id='word_1_57' title='bbox 870 1227 965 1294; x_wconf 82' lang='lat' dir='ltr'><em>rebus</em></span> <span class='ocrx_word' id='word_1_58' title='bbox 993 1227 1191 1294; x_wconf 83' lang='lat' dir='ltr'><em>naturalibus</em></span> <span class='ocrx_word' id='word_1_59' title='bbox 1226 1228 1417 1296; x_wconf 76' lang='lat' dir='ltr'><em>industriam</em></span> 
     </span>
     <span class='ocr_line' id='line_1_9' title="bbox 291 1345 1416 1434; baseline -0.003 -18"><span class='ocrx_word' id='word_1_60' title='bbox 291 1346 407 1416; x_wconf 78' lang='lat' dir='ltr'><em>ordini</em></span> <span class='ocrx_word' id='word_1_61' title='bbox 427 1345 544 1415; x_wconf 82' lang='lat' dir='ltr'><em>enimin</em></span> <span class='ocrx_word' id='word_1_62' title='bbox 571 1345 771 1430; x_wconf 80' lang='lat' dir='ltr'><em>probauerit,</em></span> <span class='ocrx_word' id='word_1_63' title='bbox 793 1346 920 1434; x_wconf 89' lang='lat' dir='ltr'><em>ipsoque</em></span> <span class='ocrx_word' id='word_1_64' title='bbox 942 1345 1065 1412; x_wconf 89' lang='lat' dir='ltr'><em>omniuo</em></span> <span class='ocrx_word' id='word_1_65' title='bbox 1095 1345 1210 1434; x_wconf 89' lang='lat' dir='ltr'><em>diqnus</em></span> <span class='ocrx_word' id='word_1_66' title='bbox 1239 1347 1328 1414; x_wconf 86' lang='lat' dir='ltr'><em>uisus</em></span> <span class='ocrx_word' id='word_1_67' title='bbox 1358 1348 1416 1426; x_wconf 86' lang='lat' dir='ltr'><em>sit,</em></span> 
     </span>
     <span class='ocr_line' id='line_1_10' title="bbox 286 1463 1418 1554; baseline 0.004 -25"><span class='ocrx_word' id='word_1_68' title='bbox 286 1465 341 1552; x_wconf 89' lang='lat' dir='ltr'><em>qui</em></span> <span class='ocrx_word' id='word_1_69' title='bbox 365 1465 505 1552; x_wconf 87' lang='lat' dir='ltr'><em>proemio</em></span> <span class='ocrx_word' id='word_1_70' title='bbox 534 1472 707 1530; x_wconf 85' lang='lat' dir='ltr'><em>ornaretur.</em></span> <span class='ocrx_word' id='word_1_71' title='bbox 754 1465 877 1554; x_wconf 75' lang='lat' dir='ltr'><em>Aperta</em></span> <span class='ocrx_word' id='word_1_72' title='bbox 905 1463 1054 1540; x_wconf 70' lang='lat' dir='ltr'><em>scismata</em></span> <span class='ocrx_word' id='word_1_73' title='bbox 1086 1480 1198 1534; x_wconf 83' lang='lat' dir='ltr'><em>nomen</em></span> <span class='ocrx_word' id='word_1_74' title='bbox 1230 1466 1418 1554; x_wconf 79' lang='lat' dir='ltr'><em>inscriptum</em></span> 
     </span>
     <span class='ocr_line' id='line_1_11' title="bbox 285 1582 687 1658; baseline -0.025 0"><span class='ocrx_word' id='word_1_75' title='bbox 285 1583 364 1658; x_wconf 80' lang='lat' dir='ltr'><em>uidit</em></span> <span class='ocrx_word' id='word_1_76' title='bbox 387 1583 474 1651; x_wconf 88' lang='lat' dir='ltr'><em>Ordo</em></span> <span class='ocrx_word' id='word_1_77' title='bbox 496 1582 687 1652; x_wconf 82' lang='lat' dir='ltr'><em>ornatissimi</em></span> 
     </span>
    </p>
   </div>
   <div class='ocr_carea' id='block_1_3' title="bbox 376 1763 1227 1864">
    <p class='ocr_par' dir='ltr' id='par_1_4' title="bbox 376 1763 1227 1864">
     <span class='ocr_line' id='line_1_12' title="bbox 376 1763 1227 1864; baseline 0.005 -36"><span class='ocrx_word' id='word_1_78' title='bbox 376 1850 379 1857; x_wconf 65' lang='lat'><em>,</em></span> <span class='ocrx_word' id='word_1_79' title='bbox 431 1763 592 1864; x_wconf 77' lang='lat' dir='ltr'><em>llllllllllllll</em></span> <span class='ocrx_word' id='word_1_80' title='bbox 611 1763 794 1834; x_wconf 80' lang='lat' dir='ltr'><em>dllleNlllll</em></span> <span class='ocrx_word' id='word_1_81' title='bbox 813 1767 965 1834; x_wconf 76' lang='grc'><strong>1011111111</strong></span> <span class='ocrx_word' id='word_1_82' title='bbox 984 1765 1227 1844; x_wconf 71' lang='lat' dir='ltr'><em>stuatosum,</em></span> 
     </span>
    </p>
   </div>
   <div class='ocr_carea' id='block_1_4' title="bbox 475 1885 1287 2101">
    <p class='ocr_par' dir='ltr' id='par_1_5' title="bbox 475 1885 1287 2101">
     <span class='ocr_line' id='line_1_13' title="bbox 475 1885 1287 1982; baseline 0.005 -14"><span class='ocrx_word' id='word_1_83' title='bbox 475 1899 574 1982; x_wconf 80' lang='lat' dir='ltr'><em>Mallo.</em></span> <span class='ocrx_word' id='word_1_84' title='bbox 599 1909 631 1978; x_wconf 80' lang='lat' dir='ltr'><em>et</em></span> <span class='ocrx_word' id='word_1_85' title='bbox 646 1901 727 1969; x_wconf 86' lang='lat' dir='ltr'><em>Phil.</em></span> <span class='ocrx_word' id='word_1_86' title='bbox 748 1903 818 1972; x_wconf 87' lang='lat' dir='ltr'><em>Nat.</em></span> <span class='ocrx_word' id='word_1_87' title='bbox 839 1889 985 1982; x_wconf 82' lang='lat' dir='ltr'><em>necnon</em></span> <span class='ocrx_word' id='word_1_88' title='bbox 1008 1901 1184 1972; x_wconf 84' lang='lat' dir='ltr'><em>Medicinae</em></span> <span class='ocrx_word' id='word_1_89' title='bbox 1284 1885 1287 1888; x_wconf 34' lang='lat'>¹</span> 
     </span>
     <span class='ocr_line' id='line_1_14' title="bbox 547 2019 1110 2101; baseline 0 -13"><span class='ocrx_word' id='word_1_90' title='bbox 547 2019 714 2088; x_wconf 85' lang='lat' dir='ltr'><em>Candidati</em></span> <span class='ocrx_word' id='word_1_91' title='bbox 738 2023 772 2090; x_wconf 95' lang='lat' dir='ltr'><em>in</em></span> <span class='ocrx_word' id='word_1_92' title='bbox 789 2021 851 2090; x_wconf 89' lang='lat' dir='ltr'><em>hac</em></span> <span class='ocrx_word' id='word_1_93' title='bbox 874 2021 1110 2101; x_wconf 82' lang='lat' dir='ltr'><em>Universitate,</em></span> 
     </span>
    </p>
   </div>
   <div class='ocr_carea' id='block_1_5' title="bbox 286 2207 1417 2417">
    <p class='ocr_par' dir='ltr' id='par_1_6' title="bbox 286 2207 1417 2417">
     <span class='ocr_line' id='line_1_15' title="bbox 287 2207 1417 2299; baseline 0.004 -22"><span class='ocrx_word' id='word_1_94' title='bbox 287 2214 342 2299; x_wconf 88' lang='lat' dir='ltr'><em>qui</em></span> <span class='ocrx_word' id='word_1_95' title='bbox 364 2211 456 2291; x_wconf 91' lang='lat' dir='ltr'><em>dein,</em></span> <span class='ocrx_word' id='word_1_96' title='bbox 479 2207 619 2278; x_wconf 80' lang='lat' dir='ltr'><em>instituto</em></span> <span class='ocrx_word' id='word_1_97' title='bbox 643 2211 801 2289; x_wconf 78' lang='lat' dir='ltr'><em>eramiae,</em></span> <span class='ocrx_word' id='word_1_98' title='bbox 825 2231 891 2278; x_wconf 90' lang='lat' dir='ltr'><em>sese</em></span> <span class='ocrx_word' id='word_1_99' title='bbox 913 2209 1009 2298; x_wconf 82' lang='lat' dir='ltr'><em>lctq&#39;m</em></span> <span class='ocrx_word' id='word_1_100' title='bbox 1029 2211 1294 2279; x_wconf 85' lang='lat' dir='ltr'><em>commentationis</em></span> <span class='ocrx_word' id='word_1_101' title='bbox 1314 2221 1417 2282; x_wconf 88' lang='lat' dir='ltr'><em>aucto·</em></span> 
     </span>
     <span class='ocr_line' id='line_1_16' title="bbox 286 2308 1381 2417; baseline -0.005 -18"><span class='ocrx_word' id='word_1_102' title='bbox 286 2353 355 2408; x_wconf 85' lang='lat' dir='ltr'><em>rem</em></span> <span class='ocrx_word' id='word_1_103' title='bbox 377 2353 443 2398; x_wconf 90' lang='lat' dir='ltr'><em>esse</em></span> <span class='ocrx_word' id='word_1_104' title='bbox 466 2329 625 2397; x_wconf 86' lang='lat' dir='ltr'><em>Facultati</em></span> <span class='ocrx_word' id='word_1_105' title='bbox 643 2329 765 2396; x_wconf 81' lang='lat' dir='ltr'><em>abunde</em></span> <span class='ocrx_word' id='word_1_106' title='bbox 784 2308 935 2417; x_wconf 73' lang='lat' dir='ltr'><em>probauit.</em></span> <span class='ocrx_word' id='word_1_107' title='bbox 1377 2313 1381 2320; x_wconf 37' lang='lat'>⁸</span> 
     </span>
    </p>
   </div>
   <div class='ocr_carea' id='block_1_6' title="bbox 127 2567 1508 3644">
    <p class='ocr_par' dir='ltr' id='par_1_7' title="bbox 240 2567 1419 3406">
     <span class='ocr_line' id='line_1_17' title="bbox 288 2567 1419 2673; baseline 0.001 -13"><span class='ocrx_word' id='word_1_108' title='bbox 288 2593 391 2671; x_wconf 87' lang='lat' dir='ltr'><em>lllaete</em></span> <span class='ocrx_word' id='word_1_109' title='bbox 407 2593 528 2660; x_wconf 91' lang='lat' dir='ltr'><em>virtute</em></span> <span class='ocrx_word' id='word_1_110' title='bbox 546 2599 620 2673; x_wconf 89' lang='lat' dir='ltr'><em>tua,</em></span> <span class='ocrx_word' id='word_1_111' title='bbox 644 2591 856 2666; x_wconf 69' lang='lat' dir='ltr'><em>ornatissime</em></span> <span class='ocrx_word' id='word_1_112' title='bbox 871 2567 1088 2662; x_wconf 73' lang='lat' dir='ltr'><em>Bunouasuunl</em></span> <span class='ocrx_word' id='word_1_113' title='bbox 1113 2567 1306 2660; x_wconf 79' lang='lat' dir='ltr'><em>Audivimus</em></span> <span class='ocrx_word' id='word_1_114' title='bbox 1330 2567 1419 2662; x_wconf 85' lang='lat' dir='ltr'><em>enim</em></span> 
     </span>
     <span class='ocr_line' id='line_1_18' title="bbox 243 2708 1418 2806; baseline -0.003 -23"><span class='ocrx_word' id='word_1_115' title='bbox 243 2732 371 2794; x_wconf 88' lang='lat' dir='ltr'><em>omnes,</em></span> <span class='ocrx_word' id='word_1_116' title='bbox 391 2719 588 2802; x_wconf 84' lang='lat' dir='ltr'><em>quantopere</em></span> <span class='ocrx_word' id='word_1_117' title='bbox 608 2714 641 2782; x_wconf 90' lang='lat' dir='ltr'><em>in</em></span> <span class='ocrx_word' id='word_1_118' title='bbox 657 2721 698 2783; x_wconf 85' lang='lat' dir='ltr'><em>te.</em></span> <span class='ocrx_word' id='word_1_119' title='bbox 712 2713 892 2782; x_wconf 85' lang='lat' dir='ltr'><em>laudaverit</em></span> <span class='ocrx_word' id='word_1_120' title='bbox 909 2710 1014 2790; x_wconf 89' lang='lat' dir='ltr'><em>Ordo,</em></span> <span class='ocrx_word' id='word_1_121' title='bbox 1039 2719 1071 2778; x_wconf 83' lang='lat' dir='ltr'><em>ct</em></span> <span class='ocrx_word' id='word_1_122' title='bbox 1092 2708 1257 2782; x_wconf 85' lang='lat' dir='ltr'><em>doetrinae</em></span> <span class='ocrx_word' id='word_1_123' title='bbox 1273 2711 1418 2806; x_wconf 85' lang='lat' dir='ltr'><em>copiam,</em></span> 
     </span>
     <span class='ocr_line' id='line_1_19' title="bbox 242 2829 1417 2932; baseline -0.001 -32"><span class='ocrx_word' id='word_1_124' title='bbox 242 2841 276 2900; x_wconf 90' lang='lat' dir='ltr'><em>et</em></span> <span class='ocrx_word' id='word_1_125' title='bbox 299 2831 488 2932; x_wconf 86' lang='lat' dir='ltr'><em>disciplinae</em></span> <span class='ocrx_word' id='word_1_126' title='bbox 507 2839 582 2904; x_wconf 85' lang='lat' dir='ltr'><em>tuae</em></span> <span class='ocrx_word' id='word_1_127' title='bbox 602 2832 776 2928; x_wconf 83' lang='lat' dir='ltr'><em>peritiam,</em></span> <span class='ocrx_word' id='word_1_128' title='bbox 800 2838 928 2910; x_wconf 78' lang='lat' dir='ltr'><em>atvero</em></span> <span class='ocrx_word' id='word_1_129' title='bbox 950 2849 1062 2903; x_wconf 87' lang='lat' dir='ltr'><em>rerum</em></span> <span class='ocrx_word' id='word_1_130' title='bbox 1091 2829 1290 2898; x_wconf 88' lang='lat' dir='ltr'><em>naturalium</em></span> <span class='ocrx_word' id='word_1_131' title='bbox 1312 2832 1417 2900; x_wconf 86' lang='lat' dir='ltr'><em>inves-</em></span> 
     </span>
     <span class='ocr_line' id='line_1_20' title="bbox 241 2947 1417 3039; baseline -0.002 -21"><span class='ocrx_word' id='word_1_132' title='bbox 241 2951 450 3039; x_wconf 81' lang='lat' dir='ltr'><em>tigandarum</em></span> <span class='ocrx_word' id='word_1_133' title='bbox 491 2949 639 3018; x_wconf 87' lang='lat' dir='ltr'><em>ardorem</em></span> <span class='ocrx_word' id='word_1_134' title='bbox 670 2959 767 3038; x_wconf 90' lang='lat' dir='ltr'><em>atque</em></span> <span class='ocrx_word' id='word_1_135' title='bbox 805 2949 1011 3018; x_wconf 88' lang='lat' dir='ltr'><em>industriam.</em></span> <span class='ocrx_word' id='word_1_136' title='bbox 1064 2947 1211 3016; x_wconf 82' lang='lat' dir='ltr'><em>Athaco</em></span> <span class='ocrx_word' id='word_1_137' title='bbox 1241 2951 1313 3038; x_wconf 89' lang='lat' dir='ltr'><em>ipsa</em></span> <span class='ocrx_word' id='word_1_138' title='bbox 1340 2957 1417 3018; x_wconf 90' lang='lat' dir='ltr'><em>suut</em></span> 
     </span>
     <span class='ocr_line' id='line_1_21' title="bbox 241 3065 1416 3158; baseline -0.003 -18"><span class='ocrx_word' id='word_1_139' title='bbox 241 3069 312 3152; x_wconf 91' lang='lat' dir='ltr'><em>illa,</em></span> <span class='ocrx_word' id='word_1_140' title='bbox 336 3089 418 3158; x_wconf 88' lang='lat' dir='ltr'><em>quae</em></span> <span class='ocrx_word' id='word_1_141' title='bbox 437 3067 699 3140; x_wconf 86' lang='lat' dir='ltr'><em>laudatissimum</em></span> <span class='ocrx_word' id='word_1_142' title='bbox 723 3067 895 3155; x_wconf 87' lang='lat' dir='ltr'><em>aliquando</em></span> <span class='ocrx_word' id='word_1_143' title='bbox 917 3075 951 3134; x_wconf 87' lang='lat' dir='ltr'><em>te</em></span> <span class='ocrx_word' id='word_1_144' title='bbox 969 3065 1145 3135; x_wconf 80' lang='lat' dir='ltr'><em>informare</em></span> <span class='ocrx_word' id='word_1_145' title='bbox 1170 3067 1295 3156; x_wconf 88' lang='lat' dir='ltr'><em>possint</em></span> <span class='ocrx_word' id='word_1_146' title='bbox 1318 3069 1416 3136; x_wconf 90' lang='lat' dir='ltr'><em>Natu·</em></span> 
     </span>
     <span class='ocr_line' id='line_1_22' title="bbox 240 3187 1416 3276; baseline -0.004 -18"><span class='ocrx_word' id='word_1_147' title='bbox 240 3209 297 3258; x_wconf 87' lang='lat' dir='ltr'><em>rae</em></span> <span class='ocrx_word' id='word_1_148' title='bbox 318 3189 550 3276; x_wconf 87' lang='lat' dir='ltr'><em>Interpreteml</em></span> <span class='ocrx_word' id='word_1_149' title='bbox 599 3187 726 3269; x_wconf 84' lang='lat' dir='ltr'><em>Quare,</em></span> <span class='ocrx_word' id='word_1_150' title='bbox 750 3187 815 3274; x_wconf 77' lang='lat' dir='ltr'><em>qud</em></span> <span class='ocrx_word' id='word_1_151' title='bbox 838 3187 989 3276; x_wconf 87' lang='lat' dir='ltr'><em>incepisti</em></span> <span class='ocrx_word' id='word_1_152' title='bbox 1007 3187 1078 3266; x_wconf 73' lang='lat' dir='ltr'><em>via,</em></span> <span class='ocrx_word' id='word_1_153' title='bbox 1109 3194 1148 3253; x_wconf 91' lang='lat' dir='ltr'><em>tu</em></span> <span class='ocrx_word' id='word_1_154' title='bbox 1167 3206 1255 3257; x_wconf 83' lang='lat' dir='ltr'><em>nuno</em></span> <span class='ocrx_word' id='word_1_155' title='bbox 1285 3194 1416 3255; x_wconf 87' lang='lat' dir='ltr'><em>strenue</em></span> 
     </span>
     <span class='ocr_line' id='line_1_23' title="bbox 241 3304 1415 3406; baseline -0.002 -32"><span class='ocrx_word' id='word_1_156' title='bbox 241 3326 366 3406; x_wconf 77' lang='lat' dir='ltr'><em>pergas.</em></span> <span class='ocrx_word' id='word_1_157' title='bbox 415 3305 513 3391; x_wconf 84' lang='lat' dir='ltr'><em>Regis</em></span> <span class='ocrx_word' id='word_1_158' title='bbox 548 3312 657 3374; x_wconf 88' lang='lat' dir='ltr'><em>autem</em></span> <span class='ocrx_word' id='word_1_159' title='bbox 700 3307 924 3392; x_wconf 82' lang='lat' dir='ltr'><em>augustissimi</em></span> <span class='ocrx_word' id='word_1_160' title='bbox 959 3307 1089 3377; x_wconf 89' lang='lat' dir='ltr'><em>nomine</em></span> <span class='ocrx_word' id='word_1_161' title='bbox 1120 3304 1181 3372; x_wconf 89' lang='lat' dir='ltr'><em>hoe</em></span> <span class='ocrx_word' id='word_1_162' title='bbox 1213 3323 1333 3380; x_wconf 88' lang='lat' dir='ltr'><em>aurum</em></span> <span class='ocrx_word' id='word_1_163' title='bbox 1366 3327 1415 3372; x_wconf 89' lang='lat' dir='ltr'><em>aa·</em></span> 
     </span>
    </p>

    <p class='ocr_par' dir='ltr' id='par_1_8' title="bbox 127 3419 1508 3514">
     <span class='ocr_line' id='line_1_24' title="bbox 127 3419 1508 3514; baseline -0.006 -19"><span class='ocrx_word' id='word_1_164' title='bbox 127 3479 129 3484; x_wconf 86' lang='lat'><em>.</em></span> <span class='ocrx_word' id='word_1_165' title='bbox 241 3427 359 3514; x_wconf 76' lang='lat' dir='ltr'><em>cipiaS,</em></span> <span class='ocrx_word' id='word_1_166' title='bbox 383 3444 446 3492; x_wconf 91' lang='lat' dir='ltr'><em>nou</em></span> <span class='ocrx_word' id='word_1_167' title='bbox 469 3424 574 3510; x_wconf 77' lang='lat' dir='ltr'><em>magis</em></span> <span class='ocrx_word' id='word_1_168' title='bbox 590 3424 659 3510; x_wconf 86' lang='lat' dir='ltr'><em>jam</em></span> <span class='ocrx_word' id='word_1_169' title='bbox 679 3425 743 3492; x_wconf 83' lang='lat' dir='ltr'><em>aeti</em></span> <span class='ocrx_word' id='word_1_170' title='bbox 767 3424 885 3493; x_wconf 88' lang='lat' dir='ltr'><em>laboris</em></span> <span class='ocrx_word' id='word_1_171' title='bbox 904 3427 1057 3512; x_wconf 88' lang='lat' dir='ltr'><em>pretium,</em></span> <span class='ocrx_word' id='word_1_172' title='bbox 1078 3443 1175 3513; x_wconf 89' lang='lat' dir='ltr'><em>quam</em></span> <span class='ocrx_word' id='word_1_173' title='bbox 1188 3421 1305 3509; x_wconf 81' lang='lat' dir='ltr'><em>agendi</em></span> <span class='ocrx_word' id='word_1_174' title='bbox 1321 3442 1411 3510; x_wconf 88' lang='lat' dir='ltr'><em>porro</em></span> <span class='ocrx_word' id='word_1_175' title='bbox 1507 3419 1508 3452; x_wconf 85' lang='lat'>³</span> 
     </span>
    </p>

    <p class='ocr_par' dir='ltr' id='par_1_9' title="bbox 241 3541 1356 3644">
     <span class='ocr_line' id='line_1_25' title="bbox 241 3541 1356 3644; baseline -0.007 -30"><span class='ocrx_word' id='word_1_176' title='bbox 241 3555 338 3636; x_wconf 87' lang='lat' dir='ltr'><em>atque</em></span> <span class='ocrx_word' id='word_1_177' title='bbox 362 3543 402 3624; x_wconf 87' lang='lat' dir='ltr'><em>ad</em></span> <span class='ocrx_word' id='word_1_178' title='bbox 422 3541 587 3644; x_wconf 88' lang='lat' dir='ltr'><em>praeclara</em></span> <span class='ocrx_word' id='word_1_179' title='bbox 611 3544 719 3610; x_wconf 88' lang='lat' dir='ltr'><em>omnia</em></span> <span class='ocrx_word' id='word_1_180' title='bbox 742 3541 955 3619; x_wconf 88' lang='lat' dir='ltr'><em>contendendi</em></span> <span class='ocrx_word' id='word_1_181' title='bbox 978 3541 1078 3612; x_wconf 92' lang='lat' dir='ltr'><em>studii</em></span> <span class='ocrx_word' id='word_1_182' title='bbox 1103 3543 1356 3622; x_wconf 78' lang='lat' dir='ltr'><em>incitamentum.</em></span> 
     </span>
    </p>
   </div>
   <div class='ocr_carea' id='block_1_7' title="bbox 668 3859 1020 3894">
    <p class='ocr_par' dir='ltr' id='par_1_10' title="bbox 668 3859 1020 3894">
     <span class='ocr_line' id='line_1_26' title="bbox 668 3859 1020 3894; baseline 0 -1"><span class='ocrx_word' id='word_1_183' title='bbox 668 3859 1020 3894; x_wconf 51' lang='lat' dir='ltr'><em>&#39;m‘</em></span> 
     </span>
    </p>
   </div>
   <div class='ocr_carea' id='block_1_8' title="bbox 242 4022 1508 4414">
    <p class='ocr_par' dir='ltr' id='par_1_11' title="bbox 242 4022 1508 4414">
     <span class='ocr_line' id='line_1_27' title="bbox 242 4022 1508 4164; baseline 0 -20"><span class='ocrx_word' id='word_1_184' title='bbox 242 4077 302 4153; x_wconf 69' lang='lat' dir='ltr'><em>Aa</em></span> <span class='ocrx_word' id='word_1_185' title='bbox 326 4022 539 4164; x_wconf 77' lang='lat' dir='ltr'><em>qaaestionem</em></span> <span class='ocrx_word' id='word_1_186' title='bbox 570 4078 611 4146; x_wconf 90' lang='lat' dir='ltr'><em>od</em></span> <span class='ocrx_word' id='word_1_187' title='bbox 641 4076 793 4164; x_wconf 85' lang='lat' dir='ltr'><em>Ploqoioes</em></span> <span class='ocrx_word' id='word_1_188' title='bbox 824 4076 1023 4164; x_wconf 83' lang='lat' dir='ltr'><em>disciplinam</em></span> <span class='ocrx_word' id='word_1_189' title='bbox 1051 4079 1278 4164; x_wconf 85' lang='lat' dir='ltr'><em>pertinentem</em></span> <span class='ocrx_word' id='word_1_190' title='bbox 1296 4077 1422 4152; x_wconf 82' lang='lat' dir='ltr'><em>Omlini</em></span> <span class='ocrx_word' id='word_1_191' title='bbox 1507 4101 1508 4160; x_wconf 57' lang='lat' dir='ltr'><em>q</em></span> 
     </span>
     <span class='ocr_line' id='line_1_28' title="bbox 286 4195 1419 4284; baseline 0.002 -23"><span class='ocrx_word' id='word_1_192' title='bbox 286 4212 351 4268; x_wconf 81' lang='lat' dir='ltr'><em>uuo</em></span> <span class='ocrx_word' id='word_1_193' title='bbox 379 4196 503 4264; x_wconf 83' lang='lat' dir='ltr'><em>oblato</em></span> <span class='ocrx_word' id='word_1_194' title='bbox 518 4205 562 4264; x_wconf 91' lang='lat' dir='ltr'><em>est</em></span> <span class='ocrx_word' id='word_1_195' title='bbox 597 4195 835 4273; x_wconf 71' lang='lat' dir='ltr'><em>Commutatio,</em></span> <span class='ocrx_word' id='word_1_196' title='bbox 850 4195 1045 4265; x_wconf 73' lang='lat' dir='ltr'><em>amnacmo</em></span> <span class='ocrx_word' id='word_1_197' title='bbox 1065 4209 1217 4264; x_wconf 82' lang='lat' dir='ltr'><em>sermone</em></span> <span class='ocrx_word' id='word_1_198' title='bbox 1236 4198 1353 4284; x_wconf 82' lang='lat' dir='ltr'><em>scripto</em></span> <span class='ocrx_word' id='word_1_199' title='bbox 1391 4210 1419 4266; x_wconf 92' lang='lat' dir='ltr'><em>et</em></span> 
     </span>
     <span class='ocr_line' id='line_1_29' title="bbox 246 4313 1508 4414; baseline -0.007 -27.738"><span class='ocrx_word' id='word_1_200' title='bbox 246 4314 443 4396; x_wconf 75' lang='lat' dir='ltr'><em>distincto</em></span> <span class='ocrx_word' id='word_1_201' title='bbox 451 4315 574 4384; x_wconf 83' lang='lat' dir='ltr'><em>uerbis.-</em></span> <span class='ocrx_word' id='word_1_202' title='bbox 601 4313 712 4388; x_wconf 76' lang='lat' dir='ltr'><em>&#39;leudo</em></span> <span class='ocrx_word' id='word_1_203' title='bbox 730 4329 813 4401; x_wconf 83' lang='lat' dir='ltr'><em>quae</em></span> <span class='ocrx_word' id='word_1_204' title='bbox 834 4315 940 4400; x_wconf 88' lang='lat' dir='ltr'><em>potui.-</em></span> <span class='ocrx_word' id='word_1_205' title='bbox 1022 4383 1026 4392; x_wconf 60' lang='grc'>,</span> <span class='ocrx_word' id='word_1_206' title='bbox 1062 4357 1063 4362; x_wconf 19' lang='grc' dir='ltr'><strong>κ</strong></span> <span class='ocrx_word' id='word_1_207' title='bbox 1216 4401 1221 4406; x_wconf 26' lang='lat'><strong>¹</strong></span> <span class='ocrx_word' id='word_1_208' title='bbox 1330 4403 1338 4410; x_wconf 29' lang='grc' dir='ltr'>ι</span> <span class='ocrx_word' id='word_1_209' title='bbox 1507 4335 1508 4414; x_wconf 71' lang='lat' dir='ltr'><em>q</em></span> 
     </span>
    </p>
   </div>
   <div class='ocr_carea' id='block_1_9' title="bbox 0 0 1530 5028">
    <p class='ocr_par' dir='ltr' id='par_1_12' title="bbox 0 0 1530 5028">
     <span class='ocr_line' id='line_1_30' title="bbox 0 0 1530 5028; baseline 0 0"><span class='ocrx_word' id='word_1_210' title='bbox 0 0 1530 5028; x_wconf 95' lang='lat' dir='ltr'><em> </em></span> 
     </span>
    </p>
   </div>
  </div>
 </body>
</html>
