3046 5036
156 1927 280 2012 Nescio,
301 1926 538 2012 Humanissimi
556 1923 743 1996 auditorest
756 1946 798 1996 an
811 1924 949 1998 aliarum
961 1948 1090 2020 qnoque
1102 1929 1287 2023 disciplinae

113 2068 188 2122 rum
204 2049 383 2120 cultoribus
401 2045 482 2113 illud
501 2047 645 2127 eveniat,
668 2045 754 2135 quod
773 2045 926 2134 Theologi
944 2046 1039 2116 hodie
1058 2069 1289 2140 saepenumero

111 2171 340 2262 experiuntur;
363 2173 401 2233 ut
420 2171 579 2253 cogantur
601 2186 653 2233 res
661 2169 731 2254 jam
751 2172 840 2232 actas
862 2186 975 2254 agere,
999 2189 1101 2258 eaque
1122 2179 1287 2260 repetere,
1333 2195 1338 2206 ·

110 2291 289 2380 explicare,
312 2285 385 2354 aliis
406 2292 505 2372 atque
528 2283 600 2350 aliis
619 2284 821 2371 argumentis
840 2287 987 2368 munire,
1010 2309 1093 2376 quae
1112 2290 1201 2358 nuto
1220 2313 1286 2360 ama

110 2409 197 2499 plius
219 2402 573 2494 indigere'praesidio,
607 2401 732 2471 dudum
762 2411 838 2472 ante
866 2405 929 2474 viri
957 2408 1078 2498 quique
1105 2409 1286 2480 doctissimi

109 2525 419 2619 prudentissimique
444 2529 652 2591 censuerunt.

156 2767 310 2853 Quamvis
332 2765 420 2833 enim
440 2762 647 2830 verissimum
669 2768 740 2841 est,
764 2762 813 2828 uti
833 2781 886 2830 res
909 2762 1045 2832 humani
1061 2768 1190 2854 generis
1216 2759 1288 2836 unta

112 2903 242 2966 versas,
264 2887 312 2952 sio
336 2882 542 2970 Theologiam
554 2921 564 2961 ,
586 2879 735 2968 passibus
757 2879 853 2948 lentis
877 2882 1030 2970 quidem,
1053 2893 1088 2954 at
1106 2889 1222 2968 eertis,
1245 2887 1287 2956 ad

114 3006 271 3074 notionem
285 3002 464 3070 meliorem
490 2998 683 3088 proaedere;
717 3019 783 3066 non
805 2999 923 3070 desunt
949 3007 1059 3072 tamen
1082 3012 1287 3094 temporum,

112 3141 193 3213 quae
214 3123 373 3200 vivimus,
396 3139 505 3188 osores
524 3125 801 3206 eontemtmesque
811 3161 822 3200 ,
845 3123 902 3209 qui
921 3115 1077 3206 antehaet'
1100 3133 1139 3192 ut
1159 3127 1286 3208 omnia,

109 3246 157 3312 ita
179 3242 371 3331 praesertim
394 3235 610 3305 Christianam
632 3235 832 3322 Religionem
853 3245 888 3306 et
907 3240 1133 3330 Theologiam,'
1154 3244 1287 3314 meliore

110 3362 213 3430 inisse
236 3357 418 3426 conditione
441 3352 652 3431 contendant;
676 3355 796 3442 quique
819 3355 877 3435 id,
901 3358 986 3446 quon
1008 3361 1137 3442 volunt,
1161 3363 1287 3432 censeri

110 3485 241 3568 possent
268 3475 317 3544 vel
344 3473 568 3563 comprobasse
594 3475 744 3562 egregie,
767 3475 862 3542 modo
885 3478 913 3544 si
936 3477 985 3546 ias
1012 3487 1117 3560 esset,
1140 3480 1181 3547 ad
1200 3482 1286 3568 ipso-

110 3613 185 3666 rum
203 3597 302 3664 uniee
323 3594 410 3661 diota
438 3591 563 3662 foetare
584 3595 771 3664 universam
791 3613 903 3663 rerum
928 3595 1147 3664 humanarum
1177 3597 1286 3667 eundi

111 3719 230 3786 tionom
249 3712 370 3783 metiri
1273 3715 1277 3728 “

156 3837 197 3903 Hi
216 3835 318 3923 igitur
330 3829 557 3920 antiquitatem
577 3843 713 3919 semper,
733 3839 883 3901 nontam
902 3841 1073 3922 sequentes
1089 3837 1161 3924 ipsi,
1185 3833 1285 3925 quam

110 3973 241 4044 praese
261 3949 417 4028 iurantes,
442 3947 611 4037 Theologis
630 3947 725 4018 hodie
747 3952 888 4020 maxime
907 3973 976 4020 esse
994 3955 1121 4023 molesti
1141 3955 1284 4028 student.

111 4074 177 4140 Hos
199 4071 323 4139 seilicet
345 4069 481 4136 minime
495 4068 627 4150 volunt,
650 4069 833 4157 aquilarum
856 4071 978 4152 instar,
1000 4082 1156 4163 perpetuo
1177 4074 1286 4141 lucem

111 4211 226 4260 versus
254 4189 407 4279 surgere,
439 4186 495 4256 sed
518 4208 617 4268 vero,
637 4195 675 4256 ut
698 4193 810 4258 onnori
831 4190 955 4272 solent,
978 4193 1129 4262 deorsum
1152 4191 1202 4258 vel
1232 4210 1285 4261 re·
1338 4275 1341 4280 .

111 4321 256 4381 trorsnm
275 4329 379 4400 agere.
427 4307 507 4377 Cum
529 4308 616 4376 enim
639 4329 722 4396 quae
742 4331 794 4380 res
812 4311 938 4380 divinas
956 4318 1125 4400 spectant,
1149 4311 1287 4386 antehae

1052 4429 1074 4496 4
