3046 5036
695 325 720 398 ll

115 526 254 596 maxime
285 523 415 601 lienes,
450 521 507 608 qui
534 517 620 586 idem
653 523 813 606 spectasse
845 515 996 598 videtur,
1027 519 1112 606 quod
1146 523 1287 612 suscepit

114 644 265 734 deinceps
288 650 320 711 et
341 640 474 732 perfecit
495 634 742 706 blobammedes.

158 882 231 965 Qua
254 881 305 948 ria
330 857 486 970 processit
509 877 638 966 generis
660 874 796 944 humani
822 872 948 954 cultus,
971 876 1084 946 eddem
1117 893 1286 968 progressa

115 1009 166 1070 est
187 1001 299 1088 religio
321 999 513 1068 Christiana.
560 995 609 1064 Ex
628 991 839 1062 orientalibus
859 993 956 1060 terris
974 995 1008 1060 in
1028 995 1194 1066 Graeciam
1213 1017 1285 1087 pre

112 1127 249 1209 pagata,
272 1119 377 1188 delata
400 1124 450 1186 est
473 1115 624 1201 deinceps
648 1113 682 1178 in
702 1110 849 1190 ltaliam,
872 1127 910 1178 ac
930 1115 1075 1200 pervenit
1094 1114 1224 1184 modern
1245 1115 1286 1184 nd

113 1245 227 1327 gentes
253 1237 484 1313 Germanicas,
514 1251 572 1319 per
591 1231 753 1318 Europam
778 1228 919 1298 mediam
942 1236 975 1298 et
1002 1231 1199 1317 superiorem
1222 1233 1285 1304 dis·

111 1358 265 1428 tributas.
311 1355 397 1420 llaec
423 1351 525 1454 igitur
548 1349 600 1416 via
623 1356 656 1416 et
675 1348 767 1418 uobis
787 1347 856 1436 jam
882 1369 978 1436 porro
1003 1355 1052 1418 est
1075 1348 1229 1418 tenenda:
1254 1359 1287 1420 et

114 1475 166 1544 vel
186 1473 293 1552 fallor,
314 1471 364 1539 vel
388 1449 510 1558 patebit
530 1469 575 1534 ita
600 1465 708 1546 nobis,
732 1485 830 1554 quam
853 1466 960 1556 paullo
982 1473 1058 1536 unte
1081 1466 1288 1552 adumbravi,

114 1593 237 1682 ingenii
260 1590 393 1658 hnmani
413 1586 604 1676 progressio.

158 1711 287 1780 Misceri
306 1713 477 1796 coeperant
496 1704 610 1774 Graeci
626 1712 698 1792 post
715 1703 888 1774 Alexandri
904 1711 1049 1794 tempora
1065 1725 1140 1778 cum
1160 1708 1287 1796 populis

113 1826 344 1904 orientalibus,
375 1833 413 1894 ut
435 1843 547 1894 eorum
570 1824 689 1913 placita
712 1824 831 1892 sensim
853 1822 1074 1912 pandatimque
1098 1826 1287 1898 orientalem

113 1948 287 2018 induerent
315 1943 473 2012 habitum.
521 1941 591 2024 Quo
621 1942 762 2021 iactum,
793 1951 832 2010 ut
857 1959 962 2030 qnae,
985 1942 1100 2030 primis
1125 1944 1287 2016 Ecclesiae

115 2066 253 2144 seculis,
277 2063 472 2132 Graecorum
499 2061 696 2128 exsistebant
720 2058 979 2128 Christianorum
1004 2068 1132 2142 sectae,
1154 2063 1286 2132 coniun-

113 2177 270 2255 derentur
296 2180 364 2248 lere
388 2198 464 2246 cum
485 2177 677 2252 Christianis
699 2178 866 2268 Aegyptiis
890 2185 924 2246 et
945 2178 1106 2248 Asiaticis.
1153 2181 1287 2254 Verum·

113 2312 224 2376 tamen
252 2319 317 2388 qno
342 2298 447 2384 magis
480 2295 631 2383 deinceps
657 2297 771 2366 Graeci
800 2295 952 2384 dogmata
981 2295 1222 2386 descripserunt
1255 2311 1288 2372 et

113 2421 348 2498 definiverunt,
371 2418 417 2484 ita
440 2433 537 2483 snum
566 2414 667 2484 veluti
695 2414 915 2490 characterem
937 2415 1118 2506 evidentius
1140 2419 1285 2508 prodide-

114 2547 202 2610 runt.
233 2536 325 2605 Alius
340 2537 385 2602 ita
395 2541 485 2602 ortus
505 2541 554 2601 est
569 2531 734 2602 doctrinae
745 2534 946 2603 Christianae
957 2537 1145 2605 tractandae
1159 2539 1285 2610 modus.

115 2657 339 2748 Repudiantur
354 2656 424 2743 jam
443 2654 553 2722 inania
571 2653 626 2720 illa
646 2653 851 2722 orientalium
875 2654 1020 2734 somnia,
1044 2656 1162 2742 quihus
1176 2679 1285 2728 succe·

116 2777 199 2846 dunt
221 2773 460 2860 disquisitiones
482 2771 675 2840 subtiliores.
723 2772 923 2859 Inquiritur,
946 2771 1150 2860 exploratur,
1175 2775 1285 2844 defluit

118 2903 192 2974 tur,
223 2890 418 2980 explicatur,
450 2890 658 2979 dijudicatur.
706 2888 906 2978 Alingendo
933 2889 973 2958 ad
1002 2890 1285 2978 ratiocinandum,

114 3033 134 3086 a
163 3011 253 3100 vagis
283 3010 606 3099 contemplationibus
636 3008 677 3076 ad
705 3009 877 3078 certiorem
908 3008 1095 3099 proceditur
1124 3012 1287 3099 cogitandi
1359 3087 1362 3092 ,

111 3129 354 3218 disserendique
373 3146 532 3197 normam.
581 3128 691 3216 Neque
709 3127 878 3216 phantasia
901 3137 972 3210 est,
995 3131 1131 3218 quaein
1155 3129 1284 3222 dogma·

54 3339 60 3347 ι
110 3258 182 3320 tum
201 3248 463 3320 Christianorum
482 3247 618 3316 historia
632 3247 737 3318 ubivis
756 3246 956 3325 dominetur3
979 3247 1071 3318 adest
1090 3270 1164 3320 vero
1183 3252 1284 3324 altera

108 3368 212 3442 ueluti
235 3365 423 3452 dogmatum
446 3366 567 3432 rectrix
590 3373 687 3454 atquc
709 3365 928 3446 moderatrix,
951 3368 1045 3436 ratio.
1153 3385 1157 3394 ·

154 3485 361 3558 Exstiterunt
379 3486 536 3554 nimirum
557 3506 576 3554 a
595 3483 701 3554 medio
723 3483 799 3554 inde
817 3484 958 3554 secundo
976 3485 1104 3554 saeculo
1123 3491 1233 3577 magni
1251 3491 1284 3564 in

106 3604 255 3682 Ecclesia
276 3604 359 3670 viri:
390 3603 539 3672 lustinus
561 3605 707 3694 hlartyr,
729 3603 969 3692 Athenagoras,
992 3605 1193 3686 Pantaenus,
1217 3607 1283 3676 Cle.

107 3743 203 3796 mens
226 3720 484 3802 Alexandrinus,
508 3721 684 3809 Origenes,
707 3721 872 3809 religionis
895 3719 1042 3788 doctores
1064 3742 1124 3792 sua
1147 3725 1284 3816 quisque

106 3841 206 3914 laude
236 3839 377 3910 celebres
404 3847 502 3928 atque
524 3840 691 3929 praeclari.
739 3841 779 3908 lli
807 3859 935 3910 summo
964 3839 1055 3910 ducti
1082 3841 1283 3936 disceptandi

106 3957 417 4052 philosophandique
434 3957 559 4040 studio,
578 3957 666 4026 haud
686 3956 831 4026 ferebant
846 3958 984 4028 audaces
1002 3959 1072 4032 illos
1089 3964 1282 4054 insanosque

106 4077 296 4170 phantasiae
329 4077 443 4158 lusus,
477 4078 738 4166 luxuriantlsque
772 4077 925 4166 figmenta
960 4080 1096 4170 ingenii,
1133 4103 1216 4170 qnae
1247 4083 1280 4152 in

105 4197 322 4272 Christianam
342 4195 522 4264 doctrinam
544 4197 665 4286 absque
680 4197 804 4288 jndicio
827 4198 916 4268 illata
932 4198 1092 4266 videbant.
1139 4199 1280 4272 Philoso-

106 4319 203 4408 phiae
225 4318 328 4384 secuti
354 4318 534 4397 rationem,
558 4317 729 4407 diligenter
752 4327 784 4388 et
807 4318 970 4388 subtiliter
998 4318 1103 4405 capita
1126 4339 1278 4411 exposue-
