3052 5028
773 333 845 408 112
938 323 939 328 ¹

228 525 453 619 gratulabatur
477 524 636 604 Senatus,
658 523 969 614 gratulabanturqu'e
993 544 1111 614 magno
1127 545 1264 600 numero
1288 532 1406 618 amici,

226 647 384 728 cultores3
407 644 558 733 discipuli
571 645 607 714 in
629 646 735 732 patria
757 665 885 725 omnes,
909 643 1096 714 Professorii
1120 651 1402 742 munerismemo·

223 766 308 846 riam
341 766 410 853 J'am
445 762 715 854 quinquagenarii
742 763 957 851 celebratam,
998 763 1082 832 banc
1122 763 1204 860 festo
1234 768 1295 838 boo
1331 773 1403 858 die,

224 891 317 973 grato
340 885 467 965 animo,
491 884 538 950 sic
560 881 732 952 recolimus
751 882 900 971 publice,
924 890 969 950 ut·
984 881 1072 952 nulla
1091 903 1155 954 non
1176 905 1235 977 pro
1252 891 1320 956 uita
1344 900 1403 964 tua

225 1012 322 1092 atque
346 1003 450 1072 salute
471 991 631 1070 Ileovota
653 1000 805 1086 ieramus.
889 1027 900 1042 ·
1082 1087 1085 1095 ²

239 1178 243 1188 ,
269 1122 355 1203 Haec
377 1129 486 1202 autem
512 1129 631 1192 votaet
653 1130 687 1189 te
710 1121 1061 1210 prosequuntur,-llun
1089 1141 1147 1190 vsu
1169 1143 1230 1200 uua
1251 1125 1399 1199 Honunul

225 1240 284 1314 Vir
301 1239 530 1322 celeberrime!
556 1240 644 1324 Quae
664 1241 820 1326 nimirum
842 1241 902 1311 tibi
914 1240 1051 1309 lelieitas
1071 1241 1230 1334 contigit,
1253 1251 1289 1311 ut
1304 1247 1403 1334 quin-

224 1367 296 1426 tum
311 1400 313 1404 2
328 1357 539 1442 Prolessionis
561 1359 702 1433 lustrum
721 1358 878 1442 omnibus
910 1357 1139 1452 plaudentibus
1165 1359 1342 1448 perficeres
1367 1366 1401 1434 iu

224 1493 382 1575 magrrum
414 1477 624 1568 disciplinae,
655 1479 690 1546 in
720 1497 791 1566 qua¹
818 1497 955 1564 regnas,
990 1482 1022 1542 et
1045 1474 1249 1559 Academiae
1279 1482 1397 1550 emolu·

224 1605 390 1678 mentum,
423 1596 573 1666 omnibus
602 1596 694 1665 nobis
726 1597 847 1664 excitat
874 1577 1071 1666 desiderium
1105 1592 1192 1676 lore,
1223 1606 1283 1680 ut,
1315 1595 1401 1688 quod

224 1693 445 1784 linmwnannro
467 1714 580 1784 datum
603 1722 674 1796 est,
697 1715 840 1784 totidem·
856 1720 889 1782 et
911 1713 972 1781 tibi
994 1732 1050 1796 ea,
1075 1732 1158 1800 quae
1181 1713 1401 1802 adluxerunt,
1507 1709 1508 1718 '

224 1829 432 1919 professionis
454 1840 530 1900 tuae
551 1833 655 1902 lustra
678 1841 866 1922 sequantur.

270 1949 402 2030 Utinam
417 1958 449 2018 et
467 1959 500 2021 te
522 1951 619 2021 hilari
642 1973 729 2020 nuuc
745 1952 839 2020 vultu
856 1951 949 2020 affari
971 1951 1084 2020 liceret
1095 2001 1113 2034 ,¹
1128 1951 1403 2038 Coniunctissime
1507 1927 1508 1948 ἶ

225 2087 284 2136 unu
303 2058 422 2136 Ooanrl
447 2070 490 2138 At
509 2077 616 2146 tecum
632 2069 796 2139 doluimus
814 2079 848 2140 ct
860 2071 1004 2140 dolemus
1024 2069 1129 2138 adbuc
1149 2069 1349 2142 dirissimam
1361 2075 1404 2141 il-

224 2185 325 2271 latam
347 2187 408 2254 tibi
427 2187 552 2272 cladem
575 2188 806 2270 domesticam,
830 2209 895 2278 qua
913 2190 1158 2276 novimusque
1183 2189 1343 2272 vidimus,
1366 2201 1402 2260 te

225 2305 361 2372 dimidia
385 2306 434 2373 tui
467 2313 558 2393 parte
580 2307 739 2374 orbatum.
768 2305 814 2395 ¹0
836 2307 990 2402 ¹fallacem
1012 2307 1182 2374 homiuum
1208 2328 1299 2398 spem
1334 2309 1401 2380 fra-

225 2423 389 2512 gileque
407 2423 583 2514 fortunaml
630 2427 678 2494 lla
697 2435 738 2492 tu·
754 2446 832 2514 oum
851 2425 916 2492 lilio
930 2423 1006 2494 latix
1023 2445 1094 2495 eras
1113 2424 1284 2507 felicitate,
1301 2449 1403 2519 quam

226 2544 349 2630 optima
369 2542 487 2630 conjux
508 2545 669 2625 ‘maritos
682 2544 803 2632 optima
820 2551 926 2634 mater
952 2543 1019 2613 fillo
1042 2543 1157 2627 donat,
1190 2565 1284 2626 oum,
1303 2547 1403 2616 eocel
1507 2605 1508 2608 ,

226 2663 351 2743 corruit
370 2661 442 2742 illa,
463 2661 564 2744 veluti
579 2661 714 2730 ludmin'e
726 2664 810 2742 ieta,
832 2701 879 2714 -·-
901 2661 1037 2732 fulmine
1053 2669 1162 2736 tamen
1182 2663 1328 2755 ejusdem
1341 2665 1403 2756 Op

202 2828 205 2832 -
225 2781 300 2848 timi
311 2781 461 2866 ministro
483 2781 561 2862 bei,
584 2783 651 2869 qui,
668 2801 751 2868 qrrae
768 2781 910 2860 abstulit,
928 2781 1077 2863 dederat,
1100 2783 1147 2850 sic
1159 2801 1234 2850 vero
1246 2782 1403 2864 dederat,

226 2907 265 2978 ut
297 2907 331 2968 et
363 2886 499 2982 daturus
528 2901 570 2982 sit
604 2911 743 2980 cuncta,
777 2899 912 2988 quibus,
947 2921 1011 2992 qua
1040 2901 1190 2988 incepisti
1217 2901 1401 2970 Christiana

227 3018 310 3100 fide,
332 3022 552 3126 ,tuam'possis
573 3028 695 3088 sortem
716 3020 939 3098 tristissimam
967 3019 1070 3101 forre,
1095 3019 1249 3108 nouisque
1275 3022 1402 3090 viribus
1507 3085 1508 3118 i

32 3116 35 3121 ’
156 3130 159 3137 “
226 3138 418 3218 Academiae
434 3145 532 3226 atque
552 3133 716 3226 Ecclesiae
734 3136 837 3224 lnlcro
863 3158 933 3230 esse
952 3145 985 3206 et
1008 3141 1209 3208 ornamento!

233 3378 375 3452 ..Venio
390 3376 428 3446 Α.
445 3377 483 3447 Α.
506 3377 548 3446 ad
575 3377 729 3446 Instituta
758 3377 949 3448 Academiae
975 3377 1126 3469 publica,
1148 3375 1309 3470 ditissima
1328 3379 1418 3460 illa„

226 3496 345 3586 quibus
367 3487 479 3586 pollet,
501 3497 686 3574 literarum!
702 3497 989 3586 doctrinarumque
1015 3498 1267 3592 armamentaria
1284 3497 1403 3566 ueluti

226 3625 324 3704 atquc
339 3613 516 3705 :praesidia
563 3617 610 3684 lle
636 3616 688 3687 bis
711 3623 821 3689 tamen
844 3637 881 3684 eo
904 3636 992 3706 npnc
1011 3617 1164 3710 pauciora
1190 3617 1225 3684 iu
1255 3615 1406 3690 medium
1507 3603 1508 3680 ζ

226 3735 409 3824 proferam,
443 3755 506 3823 quo
534 3735 617 3816 mibi
640 3733 839 3822 majaruisa
861 3743 925 3816 est,
941 3755 1037 3824 quas
1066 3735 1132 3804 boc·
1158 3753 1242 3804 anuo
1268 3739 1407 3822 experta

225 3862 321 3929 suat.
344 3853 605 3930 vicissitudinum
625 3855 787 3942 paucitas,
811 3861 843 3922 et
859 3874 928 3942 aquo
946 3851 1109 3943 difficilius
1129 3851 1257 3920 Rectori
1277 3871 1407 3930 annuo,

225 3972 265 4046 de
288 3971 460 4052 omnibns,
483 3979 766 4060 quaeeuenerunt
789 3972 947 4060 singulis,
978 3971 1046 4038 sive
1068 3970 1283 4062 ipse-certior
1307 3968 1409 4052 fieri,

172 4131 175 4140 ν
225 4094 293 4162 siue
316 4094 516 4172 carattere,-
532 4111 614 4178 quae
635 4089 837 4177 singulorum
856 4090 960 4180 poscit
978 4088 1221 4182 disciplinarum
1242 4090 1409 4183 gravitas3

224 4212 296 4288 aliis
331 4211 456 4282 dicere.
503 4211 610 4294 Quare
649 4209 708 4278 boo
746 4211 778 4276 ira
813 4210 897 4280 uotis
924 4217 1001 4296 ,ests
1028 4216 1079 4276 ut.
1101 4206 1231 4302 meliori
1269 4204 1406 4274 tandem

224 4335 277 4406 tia
309 4333 394 4420 juris
437 4330 557 4420 publici
593 4330 693 4410 fiant,
717 4351 834 4424 ¹quae¹
870 4331 925 4422 qui
958 4329 1095 4415 singulis
1129 4325 1283 4424 praelecti
1321 4333 1407 4409 sun-t
