3066 5026
176 1533 310 1604 Constat
336 1531 423 1601 inter
444 1533 577 1606 omnes,
601 1527 658 1614 qui
680 1525 721 1594 de
744 1526 841 1596 rebus
863 1527 983 1600 divinis
1004 1527 1220 1620 humanisque
1238 1539 1312 1620 apte

129 1651 293 1742 judicant,
316 1646 471 1736 religione
488 1663 586 1735 quam
602 1643 794 1735 profitemur
809 1645 1008 1730 Christiana,
1031 1647 1115 1718 nllil
1135 1667 1208 1719 esse
1226 1669 1310 1720 mor·

131 1769 252 1840 talrlrus
275 1767 388 1837 datum
409 1772 467 1834 aut
486 1763 594 1853 majus
609 1771 666 1833 ant
685 1765 894 1854 praeclarius.
942 1769 1026 1840 Hinc
1049 1770 1136 1838 onim
1159 1785 1223 1838 non
1239 1773 1309 1838 lan·

131 1899 204 1958 lum
231 1887 312 1956 bene
330 1883 479 1965 vivendi,
502 1883 559 1952 sed
581 1881 765 1984 bannilem
783 1885 943 1956 moriendi
966 1888 1127 1978 principia
1149 1895 1183 1957 et
1205 1879 1336 1958 nohis·'

134 2007 298 2096 metipsis
320 2004 471 2073 ducimus
489 2009 523 2070 et
540 2001 613 2069 eliis
636 2002 854 2091 impertimur.
901 2008 945 2074 nt
959 2025 1036 2075 cnm
1054 2005 1106 2074 vel
1124 2005 1227 2075 larius
1240 2027 1311 2096 per·

132 2133 243 2217 specta
265 2125 365 2214 hujus
386 2119 553 2208 religionis
570 2120 703 2208 egregie
724 2121 862 2204 indoles,
884 2143 983 2213 quam
1006 2125 1050 2194 sit
1065 2123 1244 2213 aptissime·
1257 2124 1311 2192 do·

131 2252 220 2324 caat,
256 2251 294 2311 ut
315 2239 510 2310 humaniora
538 2221 672 2327 qnaeris
702 2239 736 2306 in
760 2238 891 2310 homine
910 2241 1019 2312 studia
1048 2243 1198 2324 excitet,
1223 2242 1311 2324 alat,

131 2361 322 2434 confirmet:
346 2379 423 2430 cum
442 2357 560 2426 natura
579 2357 649 2446 ipsa
666 2358 726 2426 sut
750 2358 855 2430 valent
878 2369 916 2431 nt
938 2369 1052 2452 gentes
1073 2341 1310 2432 emendatiores

132 2479 247 2551 reddat
268 2478 509 2568 felicioresque,
533 2475 669 2566 illasque
690 2480 856 2547 communi
879 2489 1015 2550 cunctas
1038 2481 1159 2552 amoris
1181 2480 1311 2555 vinculo

129 2601 261 2690 junctas
280 2598 316 2665 in
336 2617 436 2670 unam
454 2595 613 2666 familiam
628 2597 722 2684 quasi
741 2605 939 2687 congregati
956 2619 1035 2670 sane
1052 2619 1115 2672 non
1137 2619 1310 2690 mosomus

132 2735 198 2785 non
216 2715 348 2783 beatum
370 2713 558 2801 praedicare
576 2713 762 2781 mortalium
782 2735 903 2802 genus,
925 2719 980 2785 eoi
1004 2725 1230 2807 tottontaque
1247 2718 1309 2788 lar·

132 2835 223 2923 gitus
245 2833 289 2900 sit
305 2833 452 2901 omnium
470 2850 582 2912 rerum
601 2838 716 2905 auctor
735 2839 768 2899 et
789 2831 973 2902 modernior
996 2834 1093 2904 Dens.

160 2949 232 3019 ‚llli
250 2957 361 3019 autem
377 2950 580 3021 Christianae
595 2949 762 3038 religionis
781 2949 922 3019 indolem
941 2951 1203 3036 considerantes,
1222 2975 1309 3024 sum·

133 3089 187 3140 ma
204 3089 263 3138 nos
282 3076 372 3138 tenet
389 3070 518 3138 divinae
534 3069 624 3140 illius
642 3069 859 3157 praestantiae
877 3073 1062 3154 senentio,
1087 3073 1133 3141 ita
1152 3075 1310 3146 rationem

133 3193 205 3282 ejus
232 3211 299 3276 non,
323 3189 449 3258 minore
482 3187 711 3276 prosequimur
740 3187 969 3270 admiratione,
998 3193 1064 3280 qul
1099 3199 1167 3262 tote
1190 3200 1240 3262 ast
1271 3194 1311 3262 ad

24 3321 28 3330 ·
134 3309 377 3398 simplicitatem
407 3307 596 3395 composita.
658 3305 732 3374 Sive
766 3308 852 3381 enim
888 3307 1070 3378 doctrinam
1106 3321 1312 3401 spectemus,

134 3447 232 3519 quam
248 3425 432 3496 hominibus
447 3423 653 3493 tradiderunt
667 3424 761 3493 lesus
774 3427 909 3515 ejusque
924 3428 1083 3516 Apostoli:
1102 3433 1247 3502 omniurn
1262 3440 1311 3500 est
1440 3454 1443 3462 ¹

134 3546 191 3615 illa
213 3545 323 3635 captui
349 3543 693 3614 accommodatissima,
741 3543 816 3612 Sive
845 3547 1034 3634 quaerimus
1060 3547 1100 3616 de
1126 3550 1213 3618 vitae
1226 3597 1227 3602 ,
1242 3569 1310 3617 moe

135 3682 274 3754 rumque
292 3664 494 3752 praeceptis,
517 3682 600 3751 quac
623 3661 910 3732 diacononorum
932 3663 1097 3736 doctrinl:
1121 3665 1209 3740 trudi
1224 3667 1312 3736 laud

134 3790 271 3875 pomnen
290 3781 491 3850 evidentiora
507 3785 565 3848 aut
579 3780 788 3870 simpliciora.
819 3781 896 3850 Sira
915 3783 1044 3851 tandem
1062 3784 1312 3875 lomnaguur,

135 3923 200 3993 qua
226 3901 355 3989 singule
378 3899 458 3969 liaeo
486 3898 677 3968 mortalibus
700 3907 777 3967 sunt
800 3901 983 3988 proposita:
1007 3902 1102 3991 pena
1130 3912 1180 3972 cst
1206 3923 1312 3973 enam·

135 4022 263 4112 plorum
286 4028 319 4088 et
349 4017 626 4107 comparationum
647 4035 731 4108 quae
757 4018 933 4091 maximum
957 4029 1084 4111 partem
1114 4041 1156 4091 ex
1176 4029 1313 4091 naturae

134 4141 357 4209 observatione
377 4138 496 4206 atrita
517 4135 682 4207 communi
700 4147 778 4208 cunt
797 4139 956 4210 desumto.
1003 4140 1218 4225 Quamobrem
1239 4161 1313 4210 rere

134 4257 378 4337 contendimus,
407 4257 441 4323 in
473 4259 601 4326 sunrmn
635 4266 667 4327 et
698 4261 857 4346 grauitate
884 4267 918 4326 et
951 4259 1167 4341 sublimitate,
1201 4267 1313 4354 parem

135 4397 206 4448 ease
225 4376 391 4464 religionis
404 4373 617 4453 christianae
629 4379 891 4469 simplieitatem.

1043 4497 1084 4563 μ
