3046 5036
614 349 727 468 '13

120 591 247 660 Ossiani
274 587 425 659 sublimia
445 589 591 656 carmina
622 587 823 665 docuerunt,
854 583 955 654 luisse
974 585 1043 674 jum
1075 589 1106 656 id
1140 565 1293 684 temporis

118 713 153 778 in
180 711 332 798 gentibus
354 710 443 777 hisce
459 707 669 796 provectioris
691 703 882 794 eujusdam,
905 704 946 773 ad
972 705 1099 775 virilem
1123 717 1291 784 maturita-

116 840 186 898 tem
197 831 267 919 jam
285 827 508 916 adsurgentis,
528 827 651 915 ingenii
673 825 808 896 semina.
855 823 897 892 itt
914 843 991 892 vero
1009 827 1236 915 explicuerunt
1257 855 1294 903 se

118 949 239 1016 sensim
261 947 426 1036 praeclara
448 946 602 1035 quaevis,
633 963 717 1032 quae
747 945 782 1010 in
809 941 874 1008 ibis
897 940 1147 1016 dominabantur
1172 953 1290 1024 studia.

11 1143 15 1147 ,
117 1067 203 1135 llaec
231 1068 264 1134 in
287 1068 358 1156 ipsa
379 1065 480 1134 medii
505 1064 577 1134 aevi
603 1063 751 1131 barbarie
777 1059 969 1131 mirabiliter
991 1063 1163 1136 eluxerunt
1183 1071 1217 1138 in
1237 1091 1290 1140 ex·

116 1185 334 1275 peditionibus
353 1179 474 1261 saeris,
498 1183 532 1248 in
552 1199 667 1249 caussa
690 1181 851 1269 imprimis
871 1182 1016 1268 equestri
1028 1231 1038 1261 ,
1050 1199 1143 1270 quac
1160 1187 1206 1256 nil
1226 1210 1289 1258 non
1416 1187 1419 1194 '

115 1324 308 1392 generosum
332 1312 366 1370 et
387 1299 635 1388 magnanimum
658 1297 822 1386 spirabat,
845 1305 878 1365 et
898 1305 967 1366 tota
982 1301 1148 1387 spectabat
1164 1305 1206 1374 ad
1222 1309 1289 1376 vin·

115 1421 292 1490 dicandum
306 1419 482 1498 honorem,
502 1417 681 1504 justitiam,
708 1413 966 1498 humanitatem,
984 1415 1182 1506 religionem.
1208 1423 1292 1506 Quid

117 1539 268 1628 qnaeris?
303 1536 426 1606 Eadem
448 1536 528 1632 haec
550 1535 760 1623 provectioris
782 1533 906 1622 ingenii
929 1535 1038 1604 studia
1059 1536 1101 1604 ad
1119 1541 1291 1612 emendan-

115 1659 191 1727 dam
207 1658 379 1727 valuerunt
394 1653 602 1744 depravatam
622 1671 789 1722 sacrorum
808 1653 1037 1724 conditionem.
1068 1655 1290 1743 Exstiterunt,

115 1779 149 1845 in
165 1775 357 1845 Germanica
375 1775 515 1842 maxime
537 1773 688 1861 Europa,
711 1771 872 1840 liberioris
890 1774 992 1842 animi
1011 1772 1179 1859 homines,
1202 1799 1289 1851 acer·

115 1896 199 1965 rimo
225 1895 369 1963 melioris
391 1892 562 1982 cujusdam
592 1891 728 1958 rationis
750 1888 909 1958 desiderio
936 1888 1048 1973 ducti,
1079 1897 1136 1984 qui
1158 1897 1289 1969 llierar·

115 2013 208 2080 chiae
230 1994 380 2081 resistere
401 2021 435 2080 et
457 2030 587 2078 morum
612 2007 814 2097 corruptelae
836 2007 1066 2098 doctrinaeque
1088 2013 1291 2089 Christianae

115 2113 361 2219 depravationi,
394 2149 453 2196 suo
480 2129 618 2216 quisque
643 2146 754 2206 more,
783 2125 942 2196 medelam
967 2127 1085 2198 afferre
1114 2139 1289 2210 tentarent.

111 2249 160 2318 Ne
182 2249 290 2318 dicam
312 2248 352 2318 de
368 2245 603 2327 Valdensibus,
626 2246 683 2334 qui
704 2245 878 2334 pristinam
900 2239 1068 2316 doctrinae
1088 2250 1290 2329 Christianae

112 2389 190 2438 cum
217 2369 460 2458 simplicitatem
479 2375 551 2434 tum
575 2365 768 2454 dignitatem
791 2371 975 2442 restaurare
993 2365 1201 2442 nitebantur:
1225 2374 1288 2446 luit

111 2487 265 2576 inprimis
282 2487 389 2576 patria
407 2491 535 2564 nostra,
558 2503 616 2573 per
637 2483 747 2551 omnia
771 2482 839 2551 lere
861 2484 989 2553 saecula
1011 2505 1107 2558 verae
1128 2490 1289 2566 libertatis

111 2605 235 2674 fautrix
253 2625 292 2674 ac
307 2605 415 2683 sedes,
439 2603 529 2672 hisce
548 2623 675 2692 quoque
698 2602 912 2690 temporibus,
938 2604 1176 2679 obscurissimis
1193 2614 1288 2698 licet,

112 2731 279 2792 sectarum
301 2723 517 2791 Christianam
532 2721 716 2790 libertatem
737 2719 975 2789 vindicantium
999 2721 1099 2793 ierax.
1147 2729 1197 2798 Sit
1220 2733 1287 2814 ita,

113 2842 353 2931 amysticismi
379 2821 450 2909 labe
478 2840 564 2909 baud
588 2839 708 2919 luisse,
738 2838 902 2906 immunes
923 2838 974 2907 vel
998 2840 1189 2930 Tanquelini
1220 2869 1287 2920 sao.

113 2964 255 3038 tatores,
283 2957 333 3032 vel
365 2958 497 3038 Fratres
524 2967 557 3029 et
594 2959 727 3026 Sorores
749 2955 844 3025 liberi
869 2957 1026 3046 spiritus,
1055 2961 1107 3028 vel
1133 2961 1287 3038 hlomines

111 3075 358 3164 intelligentiae,
389 3081 446 3168 qui
474 3078 686 3148 dicebantur:
717 3075 777 3144 hoc
809 3083 897 3146 certe
925 3076 1105 3166 {lamabant
1127 3081 1287 3156 desiderio
1344 3147 1348 3154 .

110 3215 241 3277 omnes,
272 3204 309 3264 ut
333 3197 450 3266 melior
472 3197 675 3265 Christianae
703 3193 869 3282 religionis
894 3193 1104 3274 induceretur
1126 3203 1285 3278 conditio:

108 3333 209 3402 quam
224 3322 422 3404 quantopere
439 3314 660 3405 promoverint
675 3312 807 3380 Fratres
823 3305 991 3402 inprimis,
1008 3318 1070 3417 *qui
1085 3339 1105 3386 a
1123 3322 1284 3396 vitacom·

107 3433 202 3500 muni
222 3453 338 3502 nornen
355 3432 495 3514 babent,
518 3432 784 3511 baventrienses,
805 3432 957 3502 omnibus
975 3441 1089 3504 uotum
1112 3447 1171 3507 est.
1198 3437 1284 3512 'Nec

101 3569 184 3637 ,vero
221 3549 409 3620 defuerunt
424 3553 459 3620 in
494 3551 568 3624 aliis
597 3549 746 3640 Europae
773 3549 982 3628 Germanicae
1017 3555 1197 3636 tractibus,
1224 3563 1284 3647 qui

105 3688 257 3738 caussam
273 3671 475 3756 susciperent
494 3673 641 3743 veritatis
653 3667 751 3760 atque
766 3669 931 3760 justitiae,
953 3671 989 3738 in
1008 3671 1127 3758 quibus
1142 3677 1282 3748 maxime

106 3785 268 3856 Wicleius
291 3795 324 3854 et
344 3786 471 3858 llussus
494 3797 592 3878 atque
622 3785 794 3880 utriusque
815 3785 1012 3870 sectatores,
1035 3791 1092 3879 qui
1112 3792 1192 3862 illud
1212 3803 1281 3866 ten·'

104 3914 219 3978 taruut
249 3903 394 3986 trustra,
427 3907 514 3995 quod
548 3917 743 3996 peregerunt
773 3909 924 3996 deinceps
949 3906 1088 4012 feliciter
1116 3913 1279 3985 Ecclesiae

103 4023 306 4094 Christianae
328 4031 574 4095 restauratores.

112 4195 117 4202 .
149 4145 189 4210 ln
212 4143 268 4211 illa
285 4143 355 4232 jam
373 4143 557 4233 disquisitio
581 4154 691 4219 nestm
713 4167 772 4214 nos
794 4145 912 4215 detulit
930 4153 1096 4236 tempora,
1120 4169 1203 4236 quae
1228 4157 1277 4224 uti

103 4264 249 4332 emnium
269 4264 411 4332 maxime
427 4265 648 4335 memorabilia
670 4274 747 4335 sunt
767 4267 800 4334 in
820 4265 961 4334 hominis
977 4266 1025 4334 ad
1040 4265 1276 4342 humanitatem

101 4381 305 4470 precedentis
321 4382 474 4464 historia,
500 4385 545 4452 ita
561 4385 602 4454 ad
617 4394 772 4456 nostram¹
782 4385 947 4478 inprimis,
971 4381 1069 4474 quam
1077 4388 1276 4470 sumsimus,
