3046 5036
793 361 841 436 dl

221 563 335 641 liceat,
359 578 497 650 quorum
523 565 557 626 ct
585 556 674 626 lama
700 557 781 624 mihi
805 558 1033 637 incitamento,
1057 565 1090 626 et
1120 558 1285 634 doctrinae
1308 570 1404 657 copta

103 750 105 756 ,
220 679 367 768 exemplo
385 699 455 748 esse
474 686 508 746 et
527 676 744 746 emolumento
763 677 881 765 possit;
904 696 1108 766 quorumque
1125 671 1286 764 consiliis,
1307 685 1404 756 tami.

219 799 383 882 limitata,
406 798 552 868 amicitia
574 804 692 874 utens,
716 796 792 863 talis
811 795 938 864 indies
957 796 1061 884 magis
1085 795 1182 880 fiam,
1205 802 1334 889 qualem
1349 809 1402 874 uti

143 886 148 908 Ι
219 939 290 987 esse
317 919 429 1008 cupio,
464 917 510 985 ita
533 917 676 986 nondum
704 914 826 984 lactum
854 936 907 984 mc
933 916 1009 984 scio.
1044 955 1091 967 —
1125 919 1211 988 llaec
1235 923 1338 1010 igitur
1359 934 1401 995 tu

218 1037 302 1106 mihi
331 1037 484 1127 praebere
511 1056 644 1126 pergas,
667 1034 850 1103 uenerande
872 1055 932 1102 var
954 1035 1085 1102 monsrl
1105 1031 1302 1110 daremus
1324 1063 1400 1114 nos·

218 1159 289 1224 tr'ae
307 1156 440 1224 Nestori
463 1156 527 1224 cui
543 1153 693 1243 equidem
720 1162 757 1221 ut
780 1155 883 1222 otium
906 1154 1074 1242 gratulor,
1104 1157 1190 1244 quod
1220 1168 1338 1230 nactus
1362 1185 1401 1233 es

217 1275 445 1356 honorificum,
468 1277 516 1343 ita
543 1293 636 1364 sparo
662 1272 751 1354 lore,
772 1281 967 1362 speraatque
990 1275 1065 1342 boni
1088 1295 1221 1356 omnes,
1245 1287 1282 1346 ut
1308 1281 1398 1351 idem

217 1396 321 1463 otium
338 1396 372 1463 in
394 1401 509 1482 vegeta
532 1399 702 1462 senectute
715 1392 885 1460 literarum
906 1393 1133 1481 Ecclesiaequc
1149 1395 1246 1462 saluti
1263 1398 1320 1465 diu
1340 1401 1397 1469 ad·
1503 1409 1504 1424 ¹

216 1515 338 1583 lriheas.
385 1515 472 1582 llaec
502 1533 522 1580 a
548 1513 639 1580 rolris
662 1531 724 1591 ne,
757 1509 791 1577 in
816 1518 980 1598 posterum
1004 1531 1151 1600 quoque,
1174 1512 1281 1583 desint
1311 1519 1394 1588 milri

217 1631 339 1722 Optimi
360 1651 498 1700 comissa
521 1639 554 1700 ct
577 1632 736 1700 suntrana!
760 1649 899 1717 quorum
922 1629 1170 1700 benivolentiam
1193 1653 1253 1723 ego
1266 1655 1394 1729 semper

217 1752 351 1841 plurimi
373 1751 506 1820 iaciami
529 1750 683 1817 -llaec
710 1768 730 1815 a
753 1756 788 1815 te
812 1749 891 1816 item
913 1757 986 1837 peto
1009 1750 1219 1838 integerrime
1238 1774 1298 1824 vnn
1321 1779 1386 1826 nan·

217 1872 289 1938 srnl
314 1871 483 1959 quemuti
510 1871 579 1959 jam
605 1887 702 1936 suum
725 1887 795 1935 esse
819 1866 917 1934 Leida
932 1867 1103 1952 laetatur,
1137 1873 1184 1940 ita
1209 1874 1292 1942 milri
1323 1897 1392 1945 esse

216 1989 376 2078 Collegam
388 1989 527 2078 gaudeat
551 2027 598 2040 -·-
620 1986 674 2055 Sic
698 2007 756 2054 nos
776 1987 915 2054 invicem
934 1987 1188 2058 Praeclarissimi
1207 1984 1295 2060 Vinii
1320 2015 1392 2064 mu·

216 2118 274 2177 tua
304 2109 359 2177 illa
381 2109 500 2197 jungat
521 2108 664 2185 caritas,
698 2127 781 2194 quae
804 2105 1002 2184 Christianos
1033 2107 1184 2197 inprimis
1215 2111 1393 2202 theologos

214 2228 327 2305 decet;
350 2248 478 2316 quaque
500 2247 564 2294 non
587 2215 726 2294 statione
753 2233 882 2293 tantum
905 2234 940 2294 et
962 2245 1118 2308 munere,
1141 2230 1198 2298 sed
1224 2231 1392 2304 voluntate

213 2355 247 2416 et
266 2347 376 2415 animo
402 2346 587 2435 conjuncti,
609 2347 755 2414 omnium
780 2343 922 2412 maxime
938 2353 971 2412 et
990 2365 1164 2433 generosae
1182 2349 1258 2418 huic
1274 2351 1392 2439 juven·

213 2468 296 2547 tuti,
319 2473 351 2534 ct
372 2466 574 2546 Patriae‚'et
596 2464 759 2533 Ecclesiae
781 2464 932 2554 prodesse
955 2466 1131 2554 possimusl
1226 2499 1231 2508 ·

222 2629 224 2632 -
257 2583 368 2673 Neque
386 2591 482 2652 tuum
506 2604 600 2653 amc
622 2584 798 2652 reticeatur
821 2603 956 2664 nomen,
979 2583 1231 2658 celebratissima
1249 2611 1310 2659 van
1330 2613 1388 2662 orn

213 2705 305 2772 rieul
330 2743 376 2758 -·-
396 2702 544 2773 Proiecto
558 2723 714 2793 magnum
728 2711 778 2772 est
796 2711 854 2772 tua
872 2703 1087 2772 benivolentia
1102 2714 1134 2774 et
1148 2710 1295 2777 amicitia
1310 2711 1386 2780 irui.

212 2824 325 2908 Quod,
355 2827 387 2894 si
407 2825 490 2894 mihi
518 2846 577 2914 per
604 2823 855 2912 quadriennium
874 2821 973 2891 hocce
995 2827 1189 2912 contigerit,
1212 2847 1292 2897 non'
1308 2851 1385 2900 sane

211 2943 293 3012 milri
306 2943 339 3011 id
357 2945 486 3025 tribuo,
510 2944 566 3013 sed
584 2951 661 3011 tuae
685 2963 749 3031 qua
766 2943 959 3030 conspicuus
977 2963 1011 3010 es
1022 2942 1236 3024 humanitati:
1258 2955 1291 3017 et
1311 2971 1384 3016 vero
1501 2931 1502 2956 1

209 3064 283 3153 piae
303 3081 378 3132 cum
401 3063 488 3131 beati
512 3063 632 3152 patris,
655 3069 727 3129 tum
752 3061 873 3128 summi
896 3060 985 3128 illius
1002 3081 1124 3130 nwnnnr
1143 3083 1235 3133 nrsrn
1265 3085 1378 3135 memo·

210 3182 289 3261 riae,
312 3183 370 3269 qui
392 3183 443 3248 uti
464 3181 632 3250 carustibi
654 3180 718 3248 luit
736 3181 871 3260 amicus,
895 3180 940 3246 ita
959 3187 1096 3268 patruus
1117 3181 1198 3248 mihi
1211 3192 1243 3251 et
1256 3183 1383 3264 fautor,

90 3293 100 3304 “
210 3299 367 3390 postlata
386 3319 514 3390 quoque
535 3302 624 3368 omni
640 3299 768 3392 semper
785 3300 906 3388 pietate
925 3299 1089 3368 colendus.
1110 3339 1158 3352 -
1180 3302 1302 3370 Tecum
1312 3303 1383 3391 jam

209 3420 430 3508 inposterum
455 3421 577 3488 arctior
597 3420 778 3488 intercedet
805 3418 902 3499 mihi,
925 3419 1072 3487 muneris
1094 3439 1242 3508 quoque,
1274 3443 1385 3491 neces-

207 3537 325 3605 situdo.
351 3547 352 3552 ’
374 3538 465 3622 Quod
488 3540 539 3608 uti
561 3538 674 3606 honori
698 3547 747 3606 est
769 3537 873 3616 mihi,
897 3538 942 3604 ita
965 3535 1083 3624 gaudio
1101 3539 1253 3607 maximo.
1301 3542 1383 3609 Nam
1414 3623 1422 3640 ,

206 3657 254 3724 ita
273 3659 390 3726 sentio:
415 3679 480 3747 quo
509 3661 583 3747 quis
606 3667 655 3726 est
678 3666 787 3726 tecum
811 3656 1032 3742 conjunctior,
1063 3677 1100 3724 eo
1126 3657 1237 3726 abesse
1261 3662 1384 3747 poterit

122 3783 130 3794 ‘
206 3771 247 3842 ab
275 3776 363 3860 omni
390 3777 593 3845 humanitate
620 3777 759 3865 propior.
806 3774 887 3842 Vive
920 3773 978 3843 diu
1008 3775 1067 3842 Vir
1090 3776 1238 3844 Summe!
1271 3779 1319 3844 sic
1343 3788 1383 3846 ut

205 3893 307 3961 rivis:
331 3893 479 3976 Litteris,
501 3897 683 3976 Ecclesiae,
707 3894 957 3963 immortalitem
1006 3894 1160 3983 Quodque
1180 3895 1296 3963 Leidac
1315 3897 1380 3964 Nu·

204 4011 399 4092 manserat,
429 4014 470 4082 ah
491 4015 579 4083 illius
609 4024 642 4085 et
667 4015 790 4104 patriae
813 4023 846 4082 et
873 4014 1038 4102 religionis
1061 4032 1192 4094 caussa,
1217 4035 1380 4084 summam

204 4131 260 4199 diu
282 4141 406 4201 avertat
430 4133 660 4202 calamitatem!

249 4251 346 4320 Vobis
380 4261 489 4324 autem
523 4254 687 4333 omnibus,
722 4255 866 4320 omnium
901 4252 1121 4320 doctrinarum
1158 4253 1378 4322 Professores!
1498 4313 1499 4329 ,

204 4371 273 4438 viri
302 4372 497 4443 Clarissimi!
532 4374 646 4442 multis
668 4393 720 4440 me
744 4375 771 4439 si
800 4371 1058 4441 commendarem
1083 4373 1203 4452 verbiS,
1235 4369 1377 4440 vestram
