3052 5028
812 336 859 408 64

272 656 342 741 Qua¹
360 655 404 721 sit
427 651 667 740 opportunitate
689 649 832 728 lactum,
856 656 914 729 ut,
937 667 1022 735 quae
1044 649 1263 720 deformatam
1286 660 1320 720 et
1338 653 1410 724 dua

227 774 407 863 angelicam
430 789 500 836 sese
523 769 665 850 diceret,
689 767 851 847 Ecclesia,
874 767 1126 838 Protestcctismi
1152 770 1227 840 dein
1249 773 1412 861 appellari

228 894 359 962 nomine
388 889 550 978 coeperit,
578 886 727 962 omnibus
756 886 964 956 notissimum
997 893 1061 956 est:
1104 889 1216 960 Serius
1239 891 1274 959 id
1296 893 1412 962 locum

227 1011 359 1090 habuit,
382 1015 431 1088 et,
463 1005 593 1094 siquid
619 1005 730 1085 alind,
764 1010 842 1076 casu
872 1004 996 1076 lactum
1022 1005 1126 1074 uideri
1157 1007 1253 1078 iacile
1286 1021 1411 1100 possem

228 1133 271 1199 bt
290 1130 388 1199 nolite
407 1127 610 1206 existimare,
627 1125 703 1192 sire
719 1143 832 1191 reeens
849 1141 966 1192 nomen
987 1127 1035 1192 rei
1052 1142 1190 1215 arguere
1209 1131 1412 1213 novitatem,

102 1329 105 1337 ¹
228 1246 296 1319 sire
318 1249 450 1318 insitam
472 1246 521 1314 rei
544 1246 611 1312 uim
635 1243 696 1312 bac
717 1241 869 1322 introita,
892 1250 930 1310 ut
952 1243 1102 1326 videtur,
1126 1244 1280 1336 denegari
1299 1251 1411 1340 appel·

228 1369 363 1438 lationis
380 1366 515 1454 origine.
562 1363 673 1432 Fluxit
695 1362 852 1430 nimirum
875 1383 916 1430 ex
931 1364 1006 1450 ipsa
1020 1381 1157 1452 magnae
1176 1365 1275 1454 hujus
1293 1387 1410 1438 cerrum

228 1486 447 1558 conversionis
463 1489 581 1551 natura
600 1489 632 1550 et
650 1481 824 1570 proposito.
871 1481 975 1569 Hujus
994 1481 1072 1550 adeo
1092 1484 1189 1554 uitnle
1207 1487 1410 1576 principium

229 1611 277 1677 ita
296 1605 470 1695 exprimit,
493 1609 531 1668 ut
550 1621 654 1689 neque
677 1600 878 1682 deformata,
901 1621 1006 1690 neque
1022 1604 1241 1702 Euangeliou,
1265 1625 1330 1674 nou
1352 1626 1407 1675 ao-

231 1727 365 1800 cedente
382 1719 670 1799 Protestantismo‚
694 1718 817 1788 luisset.
868 1779 871 1784 .
1133 1710 1142 1726 ’“

242 1971 245 1978 ’
277 1964 362 2050 Quid
384 1962 497 2032 enirn?
529 1960 652 2049 quibus.
670 1958 871 2028 Christianae
896 1961 1028 2050 pietatis
1054 1967 1087 2028 et
1109 1960 1293 2028 sanctitatis
1317 1981 1410 2030 exar-

232 2093 319 2154 serat
342 2082 509 2161 studium,
532 2079 714 2167 quibusque
733 2079 841 2166 ipsum
863 2079 1079 2167 Euangelium
1098 2077 1168 2166 jam
1186 2099 1257 2148 esse
1275 2080 1341 2148 dux
1361 2083 1410 2150 vi.

232 2209 287 2272 tae
309 2211 342 2272 et
368 2203 426 2269 lux
450 2200 598 2268 veritatis
624 2205 789 2286 coeperet:
819 2197 917 2266 iidem
947 2199 995 2266 illi
1018 2198 1177 2287 quomodo
1199 2198 1329 2268 tandem
1350 2222 1409 2290 po·
1515 2249 1516 2262 ³

232 2325 373 2392 tuissent
389 2341 453 2388 non
465 2316 656 2408 protestari?
681 2317 703 2386 i.
717 2337 746 2384 e.
767 2324 879 2384 sancta
897 2316 983 2404 pleni
1002 2316 1223 2405 indignatione
1237 2317 1412 2388 manifeste

234 2440 443 2517 denuntiare,
468 2437 681 2524 omnibusque
704 2434 828 2502 viribus
852 2455 1037 2523 oppugnare
1060 2436 1215 2525 quicquid
1237 2439 1413 2528 exoptatis·

233 2562 326 2630 simis
344 2559 434 2626 bisce
452 2556 544 2624 bonis
567 2555 693 2623 obstare
715 2555 872 2622 viderent.

279 2681 323 2748 Et
342 2694 498 2764 saneque
516 2674 610 2742 modo
633 2676 668 2740 in
684 2673 820 2742 historia
843 2693 988 2742 crescere
1011 2674 1203 2742 Christianis
1222 2683 1255 2746 et
1273 2677 1410 2748 invales-

235 2818 308 2866 cere
332 2796 474 2863 uidimus
497 2792 747 2861 deformationis
766 2790 963 2858 desiderium
986 2793 1220 2881 Euangeliique
1243 2815 1387 2864 amorem
1399 2843 1413 2878 ,

236 2917 347 3003 eedem
378 2922 411 2983 et
440 2914 745 2982 Protestantismum
774 2910 866 2978 illum
891 2911 1031 2978 excitari
1048 2912 1205 3001 paulatim
1236 2921 1270 2981 et
1297 2918 1412 3003 nugeri

236 3037 410 3114 cernimus.
457 3034 520 3099 Pro
553 3032 696 3098 bumana
711 3089 715 3096 .
728 3028 806 3096 adeo
837 3029 1059 3100 imbecillitate
1084 3031 1153 3118 jam
1187 3041 1262 3102 ante
1291 3035 1411 3116 multi,

235 3175 318 3244 quae
330 3141 759 3241 improbabautdestruere,
775 3169 874 3236 quanp
893 3156 1023 3238 possent
1041 3149 1175 3221 meliora
1194 3150 1285 3232 dare,
1308 3161 1411 3222 mme-

234 3277 321 3342 rario
343 3289 521 3340 sane‘ansu
545 3255 781 3336 'sustinuerunt
963 3275 966 3280 '

267 3393 394 3462 ·Sectas
412 3390 484 3458 illas
504 3387 593 3468 dico,
616 3369 696 3476 quas
718 3387 949 3476 utiRom'aoae
972 3386 1155 3476 tyrannidis
1175 3387 1286 3456 odium
1305 3398 1339 3470 et
1362 3391 1413 3458 in·

236 3509 649 3602 dignatic,'sic‘prnpriae
670 3507 869 3594 indigentiae
886 3509 1000 3573 sensus
1023 3507 1069 3572 ita
1084 3507 1118 3572 in
1139 3505 1294 3576 fanaticos
1316 3509 1413 3596 plane

236 3633 363 3701 furnes
385 3628 550 3718 rapiebat,
574 3635 625 3707 ut,
650 3628 752 3694 Purno
770 3627 910 3704 Bnursro,
935 3626 1141 3706 Tsnouuruo,
1165 3625 1237 3694 aliis
1254 3626 1412 3708 ducibus,

237 3752 420 3838 Episcopus,
433 3748 583 3825 clericos,
595 3745 872 3832 sacrosBaptismi
891 3745 1266 3826 etEucharistiae'ritus,
1278 3765 1412 3816 omnem

69 3857 74 3866 ’
200 3893 201 3898 ’
238 3867 317 3936 adeo
327 3867 490 3934 Ecclesiae
501 3865 685 3934 Catholicae
702 3866 862 3934 rationein
874 3865 1008 3955 pedibus
1024 3865 1124 3932 'veluti
1140 3865 1312 3945 calcarent,
1332 3866 1413 3936 licet

238 3986 317 4076 quid
327 3985 453 4054 meliori
475 3986 554 4073 ipsis
566 3983 688 4054 solatio
697 3992 782 4052 esset
794 3987 958 4058 nescirent
976 4005 1118 4073 prorsus.
1152 3985 1319 4054 birunnun
1338 3986 1414 4054 dico

236 4109 422 4176 Bnrxrnusrru
436 4104 538 4183 illum,
551 4105 617 4190 qui,
633 4104 693 4172 llll
701 4104 770 4191 jorn
788 4104 912 4184 Seculo,
923 4105 956 4170 in
965 4106 1080 4192 patric,
1094 4104 1235 4192 primum
1249 4111 1286 4170 et
1296 4105 1411 4174 Helve-

237 4199 496 4305 tia,llierarcbid
509 4231 692 4311 oppugnata
705 4223 829 4312 Pnpali,
846 4243 921 4290 mox
933 4225 966 4290 in
984 4224 1054 4312 ipsa
1065 4225 1210 4292 Romana
1221 4222 1307 4304 sede,
1320 4224 1411 4314 plau·

237 4345 387 4414 dentibus
404 4343 562 4424 ominibus,
588 4343 725 4412 Senatus
748 4342 924 4432 Populique
944 4342 1072 4413 adserta
1091 4344 1306 4412 auctoritate:
