3052 5028
654 358 840 436 ct'

97 563 236 640 Eunoni,
259 561 414 638 Lnrrnenr,
439 556 587 635 cunni,
611 555 936 641 Bacca-aliorumque
959 550 1039 619 bene
1070 551 1269 634 multorum,

96 682 129 747 io
155 680 263 747 Sacris
286 679 403 746 biteris
435 675 707 764 interpretandis,
730 670 952 760 divulgandis,
983 672 1163 741 exantlatos
1184 672 1270 742 labo·

95 819 161 868 res.
204 798 315 887 Neque
336 813 508 886 pessuma
538 795 618 862 satis
648 811 761 866 eorum
789 793 857 862 sive
883 790 1083 873 doctrinam,
1106 794 1175 860 siue
1192 811 1270 882 pru·

95 917 260 998 dentiam,
291 917 359 985 sive
388 918 543 1006 pietatem
565 911 712 994 laudare,
747 911 865 1000 quibus
896 912 930 980 in
960 909 1167 999 exponendo,
1201 910 1271 980 suis

95 1035 271 1126 symbolis,
294 1035 449 1104 Doctrina
466 1033 605 1114 Biblica,
629 1051 688 1101 suo
710 1030 832 1118 singuli
853 1027 949 1096 modo
968 1028 1223 1123 elaboraverunt.

125 1155 204 1234 ¹Sed
233 1155 329 1244 longa
358 1162 392 1224 et
417 1153 558 1224 difficilis
588 1172 642 1220 ars
663 1158 733 1231 cst,
758 1150 874 1224 Saccas
901 1149 1027 1216 biteras
1053 1149 1270 1238 interpretari.

93 1273 261 1344 Difficilior
293 1274 414 1352 etiam,
445 1273 617 1352 Divinam,
647 1289 746 1360 quam
776 1269 1057 1359 complectuntur,
1089 1266 1270 1340 doctrinam

93 1393 237 1460 hnmano
259 1391 353 1458 modo
373 1391 519 1460 reddere.
555 1391 628 1488 llic
647 1391 838 1479 praesertim
858 1409 923 1458 non
938 1409 1003 1458 uno
1024 1387 1110 1456 saltu
1132 1386 1208 1456 licet
1229 1386 1271 1459 ad

95 1510 302 1599 perfectionis
328 1517 449 1578 metam
472 1511 592 1578 venire.
638 1509 693 1589 ld,
713 1511 744 1576 si
775 1511 832 1598 qui
860 1510 917 1578 alii
938 1527 1094 1596 umqrram
1105 1557 1115 1591 ‚
1135 1508 1202 1596 ipsi
1223 1506 1271 1576 illi

93 1629 324 1698 intellexerunt
345 1628 604 1708 Reformatores,
628 1649 692 1698 non
712 1628 802 1697 aliud
820 1635 1001 1698 metuentes
1029 1629 1149 1716 magis,
1172 1647 1271 1718 quam

93 1767 134 1816 ne
158 1749 226 1817 suis
257 1747 419 1816 laboribus
448 1748 583 1818 abusuri
615 1748 787 1837 aliquando
810 1749 929 1836 posteri
959 1754 1076 1816 essem.
1126 1747 1192 1816 »Ne
1213 1763 1271 1816 vos

93 1866 288 1934 Lotbmooos
306 1867 423 1936 dicatis
435 1871 465 1946 ;”
480 1871 548 1957 ipse
567 1867 727 1936 Lernaeus
746 1869 854 1956 inquit
870 1866 1012 1936 »nullius
1027 1865 1098 1936 volo
1116 1867 1271 1956 Magister

94 2005 174 2054 esse.
221 1985 290 2054 ldea
312 2005 389 2052 vero
408 1987 530 2072 scripta
555 2007 594 2054 eo
613 1987 683 2056 loco
706 1987 832 2075 ponite,
855 1986 912 2054 ubi
933 2007 992 2072 ego
1012 2006 1117 2073 nugas
1130 1986 1270 2088 ‘Pontifig

93 2105 161 2172 cias
182 2104 339 2192 projicere
359 2103 465 2184 soleo,
488 2105 517 2170 si
537 2105 710 2172 Sacrorum
733 2105 917 2180 Literarum
937 2103 1084 2172 studium
1107 2110 1139 2172 et
1158 2112 1267 2172 aucto-

92 2224 225 2304 ritatem
248 2222 339 2290 vobis
363 2219 578 2308 impediant.''
624 2222 666 2290 At
689 2221 779 2290 brevi
798 2221 906 2290 locum
927 2220 1063 2302 babuit,
1088 2222 1173 2311 quod
1199 2243 1268 2292 mea

91 2341 226 2410 tuebant
247 2341 306 2418 illi.
353 2341 391 2408 ln
415 2355 526 2408 eornm
546 2339 711 2408 laboribus
733 2341 952 2428 acquiescere,
976 2341 1011 2408 in
1035 2361 1148 2410 eorum
1167 2341 1268 2410 rerba

87 2462 219 2550 jurare,
249 2460 309 2528 boc
333 2460 488 2528 nimirum
511 2459 673 2528 malebant
701 2459 845 2535 tardiora
866 2479 1092 2528 suceessorum
1114 2462 1267 2550 ingenia,

90 2599 189 2669 quam
220 2580 364 2668 ipsorum
398 2579 543 2666 vestigiis
577 2579 764 2648 insistentes
793 2579 834 2648 ad
861 2580 1008 2650 veritatis
1038 2580 1145 2664 lucem
1167 2581 1267 2651 altius

90 2719 234 2786 surgere.
282 2696 418 2766 Omnem
440 2705 546 2764 actam
570 2705 602 2764 et
620 2705 879 2767 consummatam
899 2697 1128 2767 emendatioris
1146 2697 1265 2768 docui·

91 2837 151 2886 nae
177 2826 208 2888 ct
229 2817 392 2886 Ecclesiae
415 2837 564 2886 caussam
592 2835 682 2896 esse,
714 2823 918 2903 praepostere
946 2823 1096 2903 coeptum
1125 2823 1174 2884 est
1197 2817 1263 2886 exi-

92 2937 227 3004 stimari.
274 2936 379 3006 Codex
408 2937 505 3006 Sacer
525 2939 572 3005 ita
594 2937 664 3004 suis
691 2935 883 3023 perfunctus
906 2933 1098 3008 credebatur
1127 2932 1263 3016 officiis,

91 3063 127 3124 ut
145 3057 291 3124 veritatis
313 3056 461 3136 divinae,
485 3059 579 3144 cujus
602 3055 702 3127 veluti
725 3063 836 3132 cortex
859 3061 950 3134 erat,
973 3053 1126 3124 nucleum
1145 3061 1178 3122 et
1194 3051 1271 3124 vim'

87 3195 217 3254 omnem
251 3177 319 3244 suis
349 3175 469 3262 singoli
484 3215 487 3220 -
504 3174 696 3264 symbolicis
717 3174 809 3242 libris
832 3181 943 3244 tenere
970 3173 1033 3242 sibi
1061 3173 1265 3264 viderentur,

84 3295 156 3362 Non
174 3294 271 3363 sontis
288 3293 439 3380 perennis
462 3291 621 3380 amplius,
643 3290 701 3370 sed
721 3290 871 3372 exhausti
884 3292 954 3378 jam
972 3291 1097 3365 dudum
1112 3314 1137 3380 a
1146 3294 1261 3384 -lielorq

85 3411 267 3485 maioribus
294 3411 392 3482 rivuli
419 3411 523 3478 instar
557 3419 635 3488 erat.
683 3410 792 3498 Neque
821 3409 1010 3498 Theologiae
1038 3413 1203 3484 dominam
1225 3397 1259 3484 et

84 3531 298 3617 magistram,
321 3529 378 3598 sed
400 3530 585 3600 ministram
608 3530 716 3618 potius
738 3537 794 3611 aut
815 3529 975 3610 ancillam,
995 3532 1145 3605 Divinam
1167 3535 1261 3621 pagi-¹

83 3669 161 3716 nam
183 3647 344 3716 habebant
362 3649 475 3726 saltem
498 3650 740 3738 quamplurimi.
951 3727 954 3732 ¹
1182 3730 1186 3738 .

129 3766 213 3850 Quid
236 3768 358 3836 mirum
381 3767 418 3832 Α.
431 3767 484 3832 Al
510 3769 538 3832 si
557 3768 626 3856 jam
649 3767 720 3836 lieri
742 3770 905 3855 potuerit,
934 3767 1030 3855 quod·
1044 3767 1166 3840 tactum
1188 3777 1261 3860 stu·¹

80 3903 196 3976 pemus
214 3885 342 3965 dicam,
365 3903 407 3954 an
421 3883 566 3954 dolemus
589 3862 729 3959 maxime
743 3865 761 3953 i¹
786 3887 921 3956 Exstitit
939 3888 1027 3974 liupo
1046 3889 1087 3958 ilc
1105 3891 1258 3976 Gnorrns,
1327 3869 1328 3872 Ἴ

80 4007 250 4084 omnium,
273 4006 329 4092 qui
354 4023 496 4091 unquam
521 4003 636 4072 Sacrae
659 4005 784 4078 Litcras
808 4007 1013 4094 interpretati
1036 4007 1184 4089 lucrant,
1208 4009 1264 4078 ita'

74 4125 252 4212 princeps,
286 4129 324 4192 ut
352 4125 478 4212 primus
508 4145 566 4192 suo
596 4124 672 4210 jure
699 4124 879 4193 censendus
912 4129 957 4214 sit
986 4127 1069 4197 hanc
1106 4149 1259 4205 caussam

78 4243 194 4329 egisse.
242 4243 282 4308 dt
304 4281 351 4292 -
373 4241 523 4310 horresco
551 4243 694 4315 reterens
715 4283 762 4294 --
784 4265 842 4333 per
868 4247 1013 4339 seculum
1036 4253 1069 4312 et
1092 4245 1177 4333 quod
1199 4267 1254 4316 ex·

78 4361 204 4440 currit,
241 4359 387 4442 divinas,
423 4382 503 4452 quas
535 4363 700 4446 condidit,
738 4366 961 4458 dilectationes
986 4383 1051 4434 ocu
1085 4365 1256 4455 scripsisse
