3046 5036
770 331 819 405 52

207 531 301 610 dem,
326 539 360 598 at
380 532 487 598 native
508 533 541 592 et
558 519 632 591 vere'
651 524 852 610 exprimant,
876 521 1033 608 quidquid
1054 523 1086 587 in
1108 541 1163 608 spe
1179 528 1277 610 atque
1299 527 1390 593 votis
1411 569 1424 584 ..

207 650 349 728 traheret.
398 649 472 716 Sive
492 647 579 714 enim
603 663 637 710 se
664 641 926 732 deformationem
948 639 1042 720 dicit,
1066 642 1133 708 sive
1155 641 1300 712 Ecclesia
1318 643 1390 711 Eu-

206 735 349 857 ecpclice
372 768 480 846 audit,
504 767 571 832 sive
601 761 850 844 Prctcstcctisme'
872 761 1001 828 nomine
1026 759 1221 849 appellatur:
1245 763 1390 850 singulis

205 889 295 954 hisce
319 886 504 953 nominihus
523 905 575 951 res
594 883 656 949 sihi
674 881 820 969 proprias
840 879 998 957 maxime,
1022 885 1056 945 at
1079 879 1277 966 singulares,
1300 883 1389 950 mul-

205 1016 344 1096 tumque
367 1007 452 1074 inter
471 1025 505 1072 se
528 1003 682 1080 diversas,
705 999 873 1086 expressit.
921 998 1036 1065 Trium
1054 1004 1165 1066 autem
1186 997 1303 1068 horum
1327 1021 1387 1068 no·

207 1127 333 1203 minum
349 1125 534 1214 complexus
549 1124 720 1192 universae
739 1116 911 1222 Sacrorum
925 1117 1170 1186 instaurationis
1185 1120 1388 1208 principium

200 1245 336 1313 ‘exhibet
352 1246 484 1334 triplex,
501 1243 620 1323 lateor,
644 1257 749 1326 neque
764 1256 885 1317 unum,
904 1236 998 1324 quale
1018 1235 1270 1325 philosophando
1286 1240 1389 1310 multi

205 1363 398 1440 videbantur
421 1365 483 1430 sihi
506 1363 686 1435 invenisse;
710 1365 744 1426 at
771 1359 818 1424 ita
836 1355 974 1443 triplex,
997 1361 1035 1422 ut
1057 1355 1260 1444 singularum
1283 1360 1387 1446 parti·

206 1504 263 1552 um
285 1482 486 1550 admirabilis
500 1481 658 1570 quaedam
674 1479 717 1546 sit
731 1497 806 1544 cum
831 1475 967 1544 caeteris
983 1475 1132 1561 coguatio
1147 1483 1180 1543 et
1196 1475 1388 1559 harmonia,

207 1623 312 1692 neque
340 1601 462 1688 aliquid
485 1603 553 1666 sive
577 1596 738 1675 abundet,
774 1596 851 1678 sive
870 1591 1093 1672 desideretur,
1119 1595 1310 1686 quominus,
1332 1597 1383 1666 rel

207 1743 247 1790 ex
266 1721 342 1788 solis
365 1720 455 1788 hisce
475 1717 683 1795 nominihus,
706 1735 835 1782 omnem
860 1713 1034 1782 Sacrorum
1057 1713 1303 1783 emendatorum
1320 1717 1379 1781 ori-

207 1842 333 1931 ginem,
357 1857 583 1928 progressum,
606 1837 723 1902 simet
742 1833 993 1922 praestantiam,
1017 1832 1178 1920 quicquid·
1192 1835 1259 1902 sire
1278 1834 1384 1903 volue·

119 1936 127 1952 ⁹
207 1962 252 2031 rit
275 1961 342 2026 sive
358 1955 579 2050 praestiterit,
602 1954 675 2023 luce
695 1954 815 2022 clarius
833 1953 1077 2041 perspiciamus.

252 2079 320 2166 Age
343 2078 445 2166 igitur
467 2075 504 2142 Α.
525 2075 563 2144 Α.
589 2074 668 2142 haec
692 2075 824 2142 nomina
839 2073 911 2161 jam
932 2072 1083 2160 deinceps
1106 2072 1194 2152 viae,
1217 2093 1316 2160 quam
1336 2075 1385 2142 in-

207 2197 397 2285 gredimur,
420 2193 521 2280 veluti
540 2193 643 2262 duces
670 2212 857 2282 sequamur.
903 2192 1004 2270 Nam,
1029 2191 1080 2258 vel
1102 2211 1162 2279 ego
1187 2193 1387 2262 vanissimus

207 2317 298 2383 vohis
321 2315 384 2381 sim
403 2314 596 2401 promissor,
619 2313 669 2381 vel
686 2311 888 2400 singulorum
908 2318 1076 2399 perspecta
1098 2312 1206 2410 origo,
1228 2312 1295 2392 viS,
1317 2311 1387 2380 his-

200 2435 293 2502 -toria
324 2417 478 2500 omnium
493 2432 613 2518 optime
644 2452 681 2500 eo
712 2451 770 2499 nos
793 2428 948 2508 adducet,
971 2427 1057 2496 unde
1080 2430 1265 2498 universam
1295 2430 1386 2500 illam

209 2553 372 2622 Ecclesiae
399 2549 655 2620 emendationem
678 2551 725 2618 sic
748 2537 954 2636 intueamur,
981 2555 1019 2634 ut
1043 2569 1082 2616 ex
1105 2549 1168 2630 iis,
1191 2567 1274 2636 quae
1292 2569 1386 2638 cxpe-

208 2674 281 2742 tivit
305 2681 338 2740 et
361 2671 546 2750 inchoarit,
569 2669 733 2766 discamus
753 2667 872 2748 simul,
896 2688 978 2755 quae
998 2675 1183 2758 quantaque
1200 2667 1270 2755 jam
1289 2690 1385 2757 porro

197 2791 430 2882 „persequenda
451 2789 510 2858 sihi
536 2796 568 2858 ct
591 2787 773 2877 peragenda
795 2787 976 2876 reliquerit,
1185 2775 1192 2786 ’

689 3005 928 3018 ——u—-un———n-

689 3019 928 3028 m

211 3217 217 3224 .
248 3153 444 3220 -Universam
459 3147 568 3226 illam,
591 3167 656 3234 qua
674 3145 738 3213 late
754 3153 860 3233 patet,
883 3143 1045 3214 Ecclesiae
1063 3146 1133 3214 Sec.
1154 3147 1243 3216 xvh
1262 3150 1384 3216 instau-

209 3274 385 3344 rationem,
410 3266 503 3354 cujus
527 3266 560 3330 in
584 3285 653 3334 rem
673 3262 891 3358 Christianam
915 3287 1045 3333 omnem
1071 3265 1151 3334 haec
1176 3267 1281 3334 viset
1310 3287 1387 3335 aue-

209 3392 324 3462 toritas
346 3387 429 3466 luit,
453 3393 491 3450 ut
509 3383 652 3452 Ecclesia
676 3392 746 3450 orta
766 3385 808 3450 sit
837 3405 936 3470 inova,
960 3385 1129 3464 doctrina,
1153 3387 1274 3466 sacris,
1299 3387 1387 3474 regi-

209 3509 318 3586 mine,
349 3503 515 3582 morihuS,
551 3504 710 3568 institutis
741 3503 880 3589 denique
916 3510 1043 3573 tantum
1071 3523 1135 3570 non
1170 3504 1385 3584 omnibus,a

208 3625 323 3716 Latina
343 3624 543 3712 discrepans,
567 3641 625 3690 nos
642 3619 738 3707 vulgo
762 3621 1031 3710 Ilcsormctiocem
1051 3620 1199 3692 dicimus.
1245 3624 1289 3693 ht
1309 3645 1388 3694 cave

209 3743 344 3835 credas,
368 3741 428 3808 hoc
442 3761 566 3808 nomen
579 3792 588 3820 ,
603 3761 670 3808 sua
694 3741 760 3808 sive
787 3740 892 3812 indole
916 3743 983 3828 siue
1002 3744 1144 3830 origine,
1168 3748 1286 3810 cuneta
1306 3741 1387 3812 haec

209 3859 403 3950 significare.
450 3859 488 3926 ln
513 3860 658 3926 omnium
682 3880 737 3926 ore
767 3860 904 3928 vexilla
931 3861 1180 3948 {deformationis
1203 3867 1294 3939 erat,
1314 3861 1385 3948 jam

210 3980 332 4068 aliquot
351 3984 426 4044 ante
450 3977 587 4058 seculis,
611 3997 708 4066 quam
733 3980 830 4048 talem
851 3987 1039 4068 tantamque
1058 3980 1220 4050 Ecclesiae
1242 3999 1386 4047 commu-

214 4100 376 4166 tationem
389 4097 506 4186 aliquis
529 4095 579 4162 vel
599 4099 787 4166 somniando
807 4098 868 4166 sihi
885 4105 1088 4186 proponeret.

257 4205 378 4284 Tristia
401 4215 456 4284 illa
477 4214 547 4285 Sec.
571 4216 614 4282 Xl
638 4224 670 4282 et
693 4217 753 4284 Xll
776 4226 921 4305 tempora
948 4217 1082 4308 loquor,
1106 4215 1223 4306 quihus
1254 4237 1385 4306 corrup-

213 4337 338 4418 tissima
364 4335 527 4404 Ecclesiae
554 4336 636 4404 ratio
666 4356 795 4408 morum
823 4338 982 4426 imprimis
1010 4345 1042 4427 11
1071 4339 1154 4404 vitae
1185 4338 1386 4422 Christianae
