3046 5036
763 328 814 402 54

210 531 287 598 ficos
308 527 442 615 loquor,
472 522 542 592 illos
571 519 715 603 scilicet,
746 541 848 610 quos,
872 528 945 609 post
965 520 1169 590 Sutrieusem
1194 521 1387 612 synodum,

91 678 93 682 ·
204 649 321 720 eadem
344 645 516 714 Germania
545 641 708 710 Ecclesiae
725 647 760 708 et
782 641 936 708 Rectores
966 639 1054 708 dedit
1082 648 1115 708 et
1133 638 1387 714 Reformatores,

211 769 257 840 01
281 765 463 836 inauditam
493 761 565 828 istis
587 759 787 849 temporibus
810 761 894 828 remi
940 761 1066 848 Papae,
1100 760 1205 847 Papae
1227 761 1390 850 iuquam,

209 907 276 956 nou
298 887 333 954 in
352 885 509 952 Laterano
530 881 653 960 latent,
677 899 741 948 nou
764 880 884 948 Romae
904 878 1056 980 sordent,
1081 879 1137 954 sed
1158 899 1218 968 per
1240 880 1392 964 lanam,

211 1027 270 1096 per
287 1003 440 1082 Galliam,
463 1022 521 1090 per
540 1009 664 1070 ceteras
686 998 851 1067 Ecclesiae
869 1005 979 1087 partes
1000 1007 1149 1088 suscepto
1167 1000 1301 1082 itinere,
1324 1023 1395 1072 uon

212 1124 417 1214 opinionum,
440 1142 504 1188 nou
529 1119 771 1199 doctrinarum,
793 1117 850 1188 scd
872 1137 1022 1197 morum,
1045 1117 1104 1188 sed
1125 1120 1211 1190 vitae
1233 1120 1393 1192 Christia-
1446 1173 1449 1178 -

213 1262 331 1312 norum
363 1242 571 1329 inquisitores
605 1238 794 1328 procedunt.
851 1238 924 1328 lpse
953 1237 1184 1312 nummarius
1214 1238 1290 1320 illc,
1323 1259 1395 1312 uon

209 1362 292 1432 suae
320 1359 463 1450 prolecto
490 1359 694 1428 auctoritatis
713 1356 895 1426 credendae
922 1357 1045 1444 magis,
1067 1375 1166 1445 quam
1191 1359 1277 1430 vitae
1297 1358 1394 1430 utri-

213 1482 338 1550 stiauae
368 1479 620 1558 instaurandae,
643 1478 743 1546 nobili
771 1476 878 1546 studio
901 1479 1064 1556 intentus,
1086 1477 1251 1550 Ecdesiae
1273 1500 1308 1548 se
1328 1479 1393 1570 Ty·

215 1619 378 1678 caunum,
411 1597 534 1676 lateor,
574 1595 630 1664 sed
665 1603 698 1664 et
731 1596 987 1666 Reformatorem
1021 1597 1131 1683 gessit.
1190 1595 1282 1678 Quod
1316 1617 1393 1668 eum

216 1740 281 1786 non
307 1716 430 1786 alienae
455 1715 536 1784 labis
566 1715 681 1808 modo,
713 1715 768 1784 sed
792 1738 811 1786 e
833 1717 981 1806 propriae¹
1010 1715 1208 1802 indigentiae
1234 1734 1333 1788 seusu
1359 1725 1388 1786 ct

210 1831 363 1922 'moerore
380 1836 502 1923 egisse,
526 1833 576 1914 id,
600 1853 736 1922 quaeso,
758 1835 917 1923 exipsius
937 1835 1043 1904 verbis
1061 1835 1261 1922 intelligatis.
1287 1837 1391 1929 adas,

212 1958 406 2043 intorques
427 1953 559 2022 hahito'’
580 1954 628 2020 sic
651 1952 692 2020 ad
715 1953 858 2021 amicum
881 1955 1027 2046 scribit,
1046 1955 1249 2034 »Romanos
1271 1955 1394 2044 dormo

213 2075 355 2154 bardos,
386 2074 608 2152 Normannos,
630 2070 763 2140 ludaeis
786 2079 819 2140 et
846 2067 986 2161 Papauis'
1012 2072 1247 2162 quedammodo
1267 2075 1396 2162 peiores

213 2215 288 2264 esse
309 2192 479 2279 redarguo.
526 2191 575 2258 Ad
598 2213 651 2260 me
676 2193 784 2281 ipsum
811 2209 888 2262 cum
922 2191 1039 2271 redeo,
1070 2192 1116 2258 ita
1144 2201 1396 2280 anagramma

217 2317 367 2402 propriae
390 2311 527 2378 actionis
549 2310 689 2398 pondere
715 2312 865 2392 invenio,
889 2319 926 2378 ut
949 2310 1037 2390 nuilla
1058 2319 1226 2384 remaneat
1245 2334 1323 2402 spes
1342 2335 1397 2382 sa·

216 2432 319 2510 lutis,
343 2431 408 2500 nisi
429 2429 468 2496 de
486 2428 552 2496 sola
570 2429 799 2498 mesericordia
818 2428 951 2501 Christi.
998 2430 1079 2500 Nam
1099 2432 1127 2500 si
1142 2451 1210 2500 uon
1231 2451 1396 2520 sperauem

217 2550 261 2618 ad
276 2549 449 2616 'meliorem
473 2549 624 2616 vitamet
644 2547 819 2616 utilitatem
840 2549 977 2618 Sanctae
995 2549 1159 2620 Ecclesiae
1178 2552 1306 2630 renue,
1326 2552 1396 2621 nul·

219 2667 347 2738 lomodo
366 2668 506 2768 Romae,
530 2669 564 2732 iu
592 2687 656 2754 qua
679 2676 832 2748 cosmus,
855 2670 923 2740 lleo
944 2675 1049 2748 teste,
1077 2667 1183 2756 jama
1202 2669 1395 2758 simonen·

220 2789 273 2856 uis
296 2786 494 2866 inhabitavi,
517 2789 754 2858 remanerem.'’

268 2905 331 2973 Sed
350 2926 391 2972 ue
414 2904 497 2971 solos
510 2907 699 2992 cogitemus,
723 2913 780 2972 aut
793 2906 956 2993 principes
978 2905 1135 2987 homines,
1158 2915 1214 2974 aut
1232 2908 1392 2976 cultiores,

220 3025 316 3092 Brevi
339 3023 464 3090 scilicet
488 3023 575 3092 idem
605 3024 659 3092 ille
680 3043 794 3092 sensus
821 3031 854 3090 et
877 3042 1005 3092 moeror
1027 3025 1217 3104 unimrsnm
1244 3025 1393 3116 pupulum

220 3143 444 3214 ¹Christianum
471 3163 567 3210 urere
593 3145 698 3232 coepit
724 3152 758 3212 et
776 3142 979 3211 excruciare.
1024 3143 1300 3226 Innumerabiles,
1319 3161 1399 3216 nome

220 3261 384 3330 foeditatis
403 3261 567 3348 pertaesi,
596 3262 743 3332 seculum
765 3263 826 3332 hoc
849 3261 1030 3348 adagium,
1060 3261 1289 3334 abdominum
1313 3282 1399 3336 nuru·

220 3382 344 3464 marcio
384 3381 502 3449 remoti
540 3381 639 3448 vitam
674 3391 861 3472 expetentes
899 3381 1105 3448 sanctiorem.
1162 3381 1233 3450 Nou
1268 3382 1402 3469 capum

222 3500 466 3570 multitudinem
496 3500 701 3572 ldeuasteria.
750 3503 831 3572 Aliis
856 3499 912 3570 alii
925 3498 1119 3584 ,succedunt
1146 3499 1329 3572 monaelnui
1350 3521 1402 3570 nr·

222 3619 336 3702 dines,
376 3621 526 3708 vitaeque
559 3620 768 3690 monachicae
801 3620 1049 3710 reformationes.
1108 3619 1173 3698 llos
1214 3619 1404 3692 sodalitates

222 3740 409 3828 spirituales
437 3740 605 3827 excipiunt
628 3739 805 3812 liberiores.
852 3741 921 3810 lmo
947 3740 1179 3830 poeniteutiam
1210 3755 1326 3825 apere,
1349 3757 1405 3806 ra-

223 3877 298 3926 eare
322 3857 480 3946 jejuniiS,
510 3859 692 3946 castigare,
724 3859 888 3947 flagellare
922 3880 957 3928 se
983 3861 1090 3950 ipsos,
1114 3857 1193 3926 haec
1227 3863 1260 3924 et
1278 3856 1406 3928 *sinna

224 3976 374 4043 omnibus
409 3979 613 4048 sanctissima
636 3977 741 4048 cilicia
771 3989 870 4062 suut,
905 3980 961 4068 qui
985 3978 1154 4047 homiuum
1176 3995 1243 4044 nun
1272 3975 1408 4046 omnine

222 4096 354 4184 pessimi
381 4104 483 4166 erant.

268 4213 323 4282 Sic
347 4234 443 4303 agere
473 4217 596 4286 dudum
622 4226 655 4286 et
680 4219 814 4288 ebullire
840 4217 987 4286 videmus
1010 4216 1127 4286 ardeus
1155 4213 1235 4284 illud
1259 4215 1408 4290 internae

226 4334 369 4404 hominis
392 4335 631 4436 reformationis
656 4339 865 4408 desiderium.¹
911 4339 952 4406 At
976 4359 1039 4426 quc
1063 4358 1098 4406 se
1118 4342 1280 4414 verteret,
1302 4335 1408 4416 nosci·
