3052 5028
676 305 744 381 101

127 523 203 587 nus,
249 521 331 592 quae
360 497 551 566 viderentur
582 495 645 568 sihi
681 519 757 569 cum
790 497 982 588 Euangelio
1000 499 1218 590 hominisque
1242 523 1297 572 nat

125 633 199 693 tura
220 643 257 690 ao
285 621 390 689 salute
420 619 705 706 conjunctissimae
727 639 809 687 esse.
853 617 982 688 Ceteras
1016 639 1093 688 vero
1122 621 1298 690 abstrusio·

122 742 170 808 ris
202 738 392 826 Theologiae
426 745 552 826 partes,
580 757 754 826 -neque
779 737 964 826 rejicientes
987 743 1202 820 eustemure,
1236 760 1296 809 nee

121 858 199 926 datu
226 877 321 946 opera
344 858 563 944 corrigentes,
585 893 631 908 -
654 858 702 925 sic
724 855 927 944 reliquerunt
958 856 1111 940 intactas,
1143 866 1180 928 ut
1199 859 1297 930 tacite

119 983 344 1064 superessent,
356 983 455 1064 atque
473 973 735 1044 antecedentium
753 983 938 1062 temporum
958 973 1135 1046 theoretica
1144 976 1295 1064 dogmata

119 1099 250 1161 tantum
267 1113 331 1160 non
350 1095 468 1175 omnia,
487 1092 704 1181 -quicquid
723 1113 781 1181 per
798 1093 981 1162 seculorum
998 1093 1293 1166 decursumllocle-

118 1213 205 1291 siae,
225 1213 333 1299 potius
356 1231 455 1298 quam
479 1211 511 1279 S.
525 1211 725 1290 Liternum,
743 1211 924 1279 invaluerat
949 1211 1157 1318 auctoritem,
1186 1214 1293 1300 ipsum
1409 1305 1415 1314 ι

118 1323 310 1418 Symbolum
333 1327 748 1406 Pseudo-Athanasimum,
767 1365 815 1379 -
835 1337 1002 1417 tamquam
1029 1349 1125 1400 uerae
1144 1338 1177 1400 et
1199 1331 1291 1400 indu

117 1447 240 1516 ditatae
262 1447 438 1536 Religionis
461 1447 647 1527 nunninae,
681 1449 716 1516 in
737 1447 990 1517 Protestantium
1013 1467 1141 1538 quoque
1163 1447 1294 1518 Theolo-

116 1567 172 1652 gia
194 1567 315 1633 sensim
335 1565 557 1654 paulatimque
577 1566 684 1634 locum
700 1585 797 1634 suum
819 1573 1060 1655 recuperarent.

161 1685 266 1771 liujus
278 1683 408 1770 quidem
430 1684 478 1750 rei
494 1685 581 1751 Purn.
598 1683 830 1752 Muciumnorrs
841 1683 917 1752 Loci
929 1706 1107 1754 communes
1118 1683 1210 1754 nohis
1222 1703 1292 1754 esse

115 1800 236 1868 indicio
248 1821 286 1868 ac
298 1801 483 1868 testimonio
494 1809 639 1889 possunt.
669 1801 707 1868 ln
724 1783 830 1890 prima
846 1803 1001 1872 nimirum
1014 1803 1171 1892 praeclari
1191 1801 1290 1890 hujus

115 1919 240 2007 operis,
252 1918 336 2006 quod
354 1917 584 1988 Ecclesiastico
593 1920 720 1987 Conone
732 1919 868 2007 dignum
880 1922 949 2009 ipse
967 1923 1127 1990 Lurnnnus
1138 1922 1289 1999 ceusuit,

114 2035 268 2118 editione,
296 2039 343 2105 sio
362 2057 491 2106 omnem
510 2037 702 2106 emendatae
721 2039 870 2126 exposuit
887 2039 1135 2127 amplitudinem
1155 2037 1288 2106 Theolo

100 2134 202 2243 ¹giae,
214 2163 269 2237 ut,
293 2155 401 2224 missis
415 2131 563 2224 leniusve
580 2157 796 2245 perstrinctis,
814 2175 896 2244 quae
919 2151 1091 2224 Trinitatis
1106 2155 1290 2242 Christique

112 2279 251 2343 naturae
262 2269 408 2364 spectant
430 2273 599 2364 ltlysteria,
622 2274 720 2355 locis,
742 2295 781 2344 ea
792 2275 886 2345 modo
905 2273 1038 2343 uberius
1049 2272 1242 2342 declaranda
1253 2275 1288 2342 in

109 2391 201 2460 illam
224 2394 418 2483 susciperet,
440 2411 523 2480 quae
542 2391 684 2461 hominis
706 2413 781 2461 uum
803 2393 869 2462 Deo
889 2399 1107 2481 spectnutper
1121 2391 1288 2460 christum

108 2509 416 2579 reconciliationem.
465 2511 568 2593 »Quid
585 2514 673 2580 enim
688 2511 808 2599 profuit
826 2510 951 2590 nohis”,
974 2511 1095 2598 inquit,
1120 2509 1286 2578 »Scholas-

107 2627 249 2695 tioorunr
274 2644 334 2716 per
358 2635 408 2696 tot
426 2629 495 2716 jann
518 2615 627 2697 s'euula
649 2629 684 2695 in
702 2629 865 2719 Mysteriis
884 2628 957 2694 istis
980 2627 1207 2696 desudantium
1230 2650 1285 2697 cu·

108 2745 190 2812 ra’'t
238 2745 326 2813 »lluo
348 2765 424 2815 vero
445 2755 493 2816 est
516 2746 681 2813 Christum
705 2765 913 2834 cognoscere,
934 2743 1090 2814 benefida
1118 2747 1188 2833 ejus
1211 2767 1285 2834 eog-
1311 2829 1313 2832 Ι

107 2881 263 2946 noscere,
285 2883 376 2945 uon,
399 2867 484 2956 quud
514 2866 570 2935 alii
599 2863 728 2946 uolunt,
759 2843 893 2934 naturas
921 2863 991 2951 ejus
1015 2877 1207 2952 cognoscere
1232 2863 1284 2934 uel

105 2982 219 3050 modos
235 2979 502 3054 incarnationis’*

151 3101 195 3169 At
213 3102 261 3168 sic
281 3103 413 3192 quidem
431 3105 651 3188 Munnucnnou,
681 3125 741 3174 neu
771 3105 982 3180 dissentiente
1008 3106 1169 3184 hurmio,
1200 3103 1279 3170 dum

97 3213 240 3307 juvenili
262 3220 368 3291 adhue
389 3225 499 3312 vigore
531 3225 714 3322 spectabilis
733 3245 874 3312 suaeque
907 3225 1024 3293 indolis
1050 3223 1181 3295 omnino
1203 3241 1280 3310 pra·

100 3338 209 3406 eticae
225 3341 354 3408 conscia
373 3341 435 3408 sihi
454 3342 651 3410 Reformatio
671 3351 751 3412 erat.
799 3342 963 3424 Quantum
978 3361 1055 3410 uero
1073 3339 1157 3408 hanc
1185 3359 1279 3408 suum

102 3459 279 3526 mutaverit
299 3468 468 3542 naturam,
492 3459 525 3530 id
547 3463 598 3532 vel
621 3464 777 3552 repetitae
797 3463 984 3530 eorumdem
1008 3462 1162 3529 Locorum
1186 3459 1277 3526 Cum·

101 3576 246 3643 mucium
261 3577 417 3646 editiones
436 3588 608 3649 testantur.
641 3583 695 3651 Sic
713 3584 800 3650 enim
822 3590 994 3670 perpetuo,
1014 3574 1202 3646 emendatae
1217 3575 1277 3640 sci·

102 3693 201 3772 licet,
232 3695 413 3784 prodeunt,
444 3704 482 3763 ut
510 3697 657 3767 habitum
689 3701 827 3768 induant
857 3699 962 3784 magis
990 3697 1159 3784 magisque
1187 3711 1277 3760 mere

102 3811 344 3898 dogmaticum,
369 3833 428 3882 neo
449 3815 580 3884 tandem
599 3815 695 3884 vacui
718 3819 785 3888 sint
803 3817 868 3884 ullo
882 3835 1015 3896 eorum,
1038 3833 1121 3902 quac
1143 3813 1276 3884 Graeco·

100 3947 176 3998 rum
205 3931 282 4000 olim
316 3933 559 4022 philosophandi
593 3936 754 4004 subtilitas
784 3935 946 4026 practicae
973 3935 1190 4004 admiscuerat
1212 3931 1276 4000 llu-

47 4113 50 4120 ,
100 4049 219 4136 angelii
240 4051 451 4140 simplicitati.
487 4093 490 4101 ·
948 4045 954 4052 ’

145 4167 229 4235 Hinc
248 4189 341 4251 vero,
357 4170 452 4248 hino,
472 4175 556 4246 Α.Α.
575 4183 741 4266 tamquam
756 4195 795 4243 ex
810 4173 973 4243 Pandorae
986 4171 1124 4262 quadam
1141 4167 1274 4258 pyxide,

101 4305 200 4374 quarn
222 4289 359 4382 tristia,
371 4311 468 4378 quarn
491 4293 569 4366 adeo
588 4295 697 4383 turpia
715 4295 914 4384 prodierint,
938 4295 1081 4370 utinam,
1097 4286 1185 4356 salut
1202 4286 1272 4358 His·
